2160 4034
88 167 153 227 ‘296
400 206 404 211 -
470 174 657 219 emortuus
1051 35 1062 361 Ι

1062 291 1076 331 t!

94 288 176 346 facta
187 289 323 360 reportat
345 279 466 362 aliquod
488 281 673 340 commodum
687 278 735 339 vel
749 296 843 338 onere
864 272 1036 353 aliquolibe·

96 375 190 431 ratur,
205 382 232 419 v.
244 380 360 438 g.uxor
373 361 555 438 promerito,
570 360 701 419 creditor
710 378 765 437 pro
780 357 933 425 debitore,
957 355 1035 415 socia
1052 372 1076 413 ,n

96 433 1036 596 atttl’.dt.⁴.⁰alldltttt¹iltiltitmlt‘ttl
1052 449 1076 564 'i

98 600 263 677 acceptatio
277 598 328 655 illa
342 563 501 666 sit'valida,
522 596 612 656 debet
635 597 761 656 intentio
783 591 994 675 promittentis
1011 594 1035 652 ri
1057 589 1076 675 il

99 689 300 755 receptantem
315 677 414 753 dirigi.

139 758 189 815 An
205 768 250 816 est
264 756 410 815 sufficiens
420 755 594 835 acceptatio,
605 755 631 814 si
644 754 801 834 promissio
809 753 864 811 fiat
874 749 1034 831 praesentiit
1055 747 1076 808 nl

97 837 233 896 tacenti?
261 834 264 839 ’
946 877 950 886 .
1056 849 1076 888 rc

138 916 176 974 R.
191 913 402 972 *Affirmativdr
417 913 486 992 quia
496 914 526 971 in
535 914 675 992 gratiosis
685 912 847 972 secundum
857 907 1032 989 regulamll.
1056 912 1076 985 ri

96 994 175 1073 juris
189 994 217 1051 in
232 997 261 1052 6.
281 1003 301 1030 “
310 993 366 1071 qui
375 1003 455 1051 tacet
468 994 634 1051 consentire
645 993 790 1051 videtur.”
1056 1038 1070 1066 ἰ

139 1073 190 1131 Αιι
204 1072 337 1131 haeredes
357 1082 482 1149 possunt
503 1083 657 1150 acceptare
679 1071 909 1150 promissionem
937 1067 1032 1128 viventi
1066 1096 1076 1105 ·

99 1151 218 1219 factam,
232 1151 285 1208 sed
299 1150 335 1209 ab
350 1171 386 1210 eo
399 1170 458 1209 non
473 1153 676 1228 acceptatam?

138 1232 178 1290 R.
199 1230 357 1307 Negativb‚
372 1231 442 1307 quia
455 1230 611 1307 promissio
625 1250 684 1288 non
699 1230 792 1288 estad
806 1249 872 1288 eam
887 1226 1022 1286 directa..

138 1310 254 1387 Collige
265 1330 304 1369 ex
317 1310 413 1378 dictis,
419 1309 646 1385 promissionem
657 1320 726 1366 aute
736 1307 970 1386 acceptationem
980 1325 1034 1364 esse

98 1388 136 1447 ad
150 1400 254 1447 nutum
268 1388 470 1466 promittentis
483 1387 689 1458 revocabilem,
703 1388 761 1446 nisi
770 1386 841 1465 jura
851 1387 940 1444 aliter
948 1385 1034 1462 dispo·

98 1469 221 1537 suerint,
245 1478 278 1525 ut
291 1478 460 1526 statuerunt
473 1467 510 1526 de
528 1467 724 1546 promissione
742 1467 822 1525 facta
834 1464 953 1535 infanti,
972 1463 1035 1522 item

99 1547 213 1605 civitati
227 1547 264 1606 ad
276 1546 483 1605 restaurandas
497 1546 561 1625 ejus
572 1547 682 1605 ruinas.
947 1580 950 1587 ·

138 1626 195 1686 Vl.
216 1626 361 1685 Finaliter
383 1627 414 1684 in
439 1625 611 1684 definitione
633 1625 770 1684 additur:
792 1633 810 1662 ‘⁴
825 1623 863 1683 de
877 1622 1035 1682 relicitaic
1067 1622 1075 1703 1

97 1705 403 1784 “possibili,”quiaad
411 1705 546 1763 illicitum
557 1705 604 1764 vel
613 1704 892 1782 impossibilenemo
901 1700 1036 1762 teneten'·
1065 1706 1071 1761 l

1067 1760 1076 1789 t'

138 1822 178 1883 N.
196 1826 241 1882 15.
282 1821 1029 1897 DEOBL1GAT10NEPROMlsSIONIS.
1062 1813 1076 1925 ἑ

90 1923 124 1982 ,1.
143 1922 303 1983 Promieaio
327 1923 422 1981 stricte*
446 1925 523 1982 dictu
574 1924 616 1982 11.
641 1924 757 1998 Obliput
773 1924 945 2000 ecjmritia.
985 1921 1037 1982 ill
1061 1920 1076 2004 ζ,

136 2001 228 2079 quue
241 2005 272 2060 in
285 2022 315 2060 re
324 2005 410 2076 praui
418 2002 470 2059 aab
480 2004 574 2076 praei.
616 2003 672 2063 IV.
691 2004 881 2076 Quoadonum
891 2012 1036 2080 ccreetpro·
1058 2014 1076 2113 ij.

136 2082 239 2138 missio.
280 2081 319 2140 V.
338 2079 546 2157 Asperectrea
554 2084 707 2160 prmnmoa.

137 2180 300 2254 QUALIS
314 2183 340 2239 dv
354 2192 464 2262 quanta
477 2191 524 2240 est
537 2182 681 2260 obligatio
695 2182 926 2261 promissionis?

137 2259 161 2318 Ι.
183 2260 221 2318 R.
244 2260 413 2338 Utrumque
426 2264 668 2321 controvertitur.
709 2263 795 2323 Varii
818 2281 885 2321 cum
903 2258 1036 2337 cajetano

94 2340 242 2397 sustinent
251 2340 475 2416 promissionem
485 2341 720 2419 solumobligare
729 2339 1035 2400 exvirtutefidelitatis
1060 2365 1073 2400 a

95 2437 148 2477 sen
158 2419 338 2487 veracitatis,
353 2419 442 2496 idque
452 2430 566 2478 tantum
578 2420 632 2479 sub
642 2431 764 2499 peccato
776 2420 895 2489 veniali,
909 2414 1035 2496 ‘excepto
1061 2424 1076 2480 'a

94 2517 173 2567 casu,
188 2517 246 2576 quo
261 2499 468 2574 promissarius
481 2499 612 2559 notabile
633 2501 772 2559 damnum
788 2499 1034 2568 indeincurreret
1061 2507 1076 2559 'a

95 2577 170 2636 adeo
181 2589 213 2635 ut
219 2577 309 2654 juxta
318 2576 371 2636 hos
382 2578 544 2648 Aetherea,
560 2600 617 2638 non
629 2579 794 2657 adimplens
804 2579 1033 2656 promissionem,
1057 2578 1076 2636 ir.

94 2656 232 2715 videatur
246 2657 339 2715 solum
355 2657 539 2715 mendacium
553 2661 750 2718 committere.
994 2684 997 2689 ·
1058 2654 1076 2741 {p

134 2725 178 2793 11.
200 2736 312 2795 Verum
323 2736 371 2794 alii
382 2737 528 2795 sustinent
536 2748 677 2815 tanquam
685 2749 809 2806 certum,
821 2756 922 2795 veram
931 2742 958 2796 ἃ
966 2756 1034 2796 com·
1059 2744 1076 2813 jn

92 2812 203 2890 pletum
215 2816 439 2892 promissionem
450 2817 589 2877 inducere
601 2819 630 2874 in
660 2819 819 2876 remissiore
830 2815 1034 2894 obligationem
1060 2816 1076 2891 ir

88 2891 214 2970 justitiae
228 2895 263 2953 ad
279 2895 503 2972 promissionem
517 2838 706 2975 implentium,
721 2897 824 2956 saltem
839 2906 983 2976 quantum
997 2904 1035 2954 est
1060 2902 1076 2969 l:

94 2970 133 3030 de
146 2978 227 3042 se‚·&
238 2985 462 3052 consequenter,
483 2975 534 3034 ubi
545 2996 593 3036 res
606 2978 752 3054 promissa
762 2987 808 3034 est
821 2975 932 3054 gravis,
954 2975 1035 3034 etiam
1062 2974 1070 3061 l

93 3069 158 3110 esse
171 3072 294 3129 gravem
308 3053 529 3131 obligationem.
1063 3064 1074 3137 l

135 3130 203 3189 Hoe
217 3141 315 3191 tamen
330 3133 461 3193 advertit
482 3135 530 3193 De
552 3135 630 3213 (locq
646 3155 711 3193 cum
736 3134 811 3204 aliis,
832 3134 947 3212 requiri
956 3133 1035 3228 pauli
1066 3134 1076 3199 ¹,

94 3210 237 3288 majorem
253 3212 448 3288 quantitatem
464 3213 501 3272 ad
515 3215 667 3272 materiam
683 3234 803 3292 gravem
819 3213 849 3271 in
870 3215 1036 3292 promissio·
1072 3218 1076 3283 i

92 3288 190 3360 nibus,
213 3293 302 3367 quim
326 3291 355 3347 in
370 3292 452 3350 furto
465 3305 517 3351 aut
537 3293 603 3351 aliis
624 3297 823 3353 contractibus
841 3294 986 3364 onerosis,
1004 3295 1036 3352 ed
1073 3300 1076 3325 ¹

93 3369 173 3449 qudd
187 3370 397 3446 promissarius
420 3371 519 3430 minuis
532 3373 644 3431 invitus
657 3385 821 3443 censeatur,
847 3375 870 3430 si
885 3393 934 3432 res
948 3374 1036 3452 gratis

91 3451 238 3525 promissa
251 3469 309 3507 non
321 3459 487 3526 praestetur.

133 3527 192 3586 ΙΙΙ,
216 3528 363 3587 Probatur
377 3530 528 3606 posterior
552 3531 715 3590 sententia:
737 3530 894 3609 promissio
915 3549 1038 3590 onerosa

91 3606 208 3665 confert
229 3609 420 3685 promissario
444 3629 547 3668 verum
558 3609 609 3687 jus
625 3609 739 3669 adrem
754 3609 947 3689 promissam:
967 3623 1039 3687 ergo

90 3683 180 3742 etiam
191 3687 350 3764 promissio
358 3687 505 3758 liberalis;
519 3689 589 3768 quia
599 3689 776 3769 promittens
785 3687 949 3749 liberaliter
958 3707 1039 3770 mque

87 3766 1041 3851 consentit&oenfertacceptantijusadrem,quampromittens

1057 2122 1072 2181 ¹i
