<?xml version="1.0" encoding="UTF-8"?>
<!DOCTYPE html PUBLIC "-//W3C//DTD XHTML 1.0 Transitional//EN"
    "http://www.w3.org/TR/xhtml1/DTD/xhtml1-transitional.dtd">
<html xmlns="http://www.w3.org/1999/xhtml" xml:lang="en" lang="en">
 <head>
  <title>
</title>
<meta http-equiv="Content-Type" content="text/html;charset=utf-8" />
  <meta name='ocr-system' content='tesseract 3.04.00' />
  <meta name='ocr-capabilities' content='ocr_page ocr_carea ocr_par ocr_line ocrx_word'/>
</head>
<body>
  <div class='ocr_page' id='page_1' title='image "./theologiamorali01densgoog_0198.png"; bbox 0 0 2160 4034; ppageno 0'>
   <div class='ocr_carea' id='block_1_1' title="bbox 341 130 1007 196">
    <p class='ocr_par' dir='ltr' id='par_1_1' title="bbox 341 130 1007 196">
     <span class='ocr_line' id='line_1_1' title="bbox 341 130 1007 196; baseline -0.003 -2"><span class='ocrx_word' id='word_1_1' title='bbox 341 150 386 194; x_wconf 85' lang='lat' dir='ltr'><strong>nn</strong></span> <span class='ocrx_word' id='word_1_2' title='bbox 405 146 489 196; x_wconf 79' lang='lat' dir='ltr'><strong>rona</strong></span> <span class='ocrx_word' id='word_1_3' title='bbox 506 148 549 195; x_wconf 81' lang='lat' dir='ltr'><strong>ar</strong></span> <span class='ocrx_word' id='word_1_4' title='bbox 567 150 723 196; x_wconf 75' lang='lat' dir='ltr'><strong>suenum.</strong></span> <span class='ocrx_word' id='word_1_5' title='bbox 831 182 835 190; x_wconf 90' lang='lat'><em>.</em></span> <span class='ocrx_word' id='word_1_6' title='bbox 950 130 1007 193; x_wconf 72' lang='lat' dir='ltr'><strong>let</strong></span> 
     </span>
    </p>
   </div>
   <div class='ocr_carea' id='block_1_2' title="bbox 10 250 1015 3678">
    <p class='ocr_par' dir='ltr' id='par_1_2' title="bbox 22 250 1006 496">
     <span class='ocr_line' id='line_1_2' title="bbox 75 250 1006 334; baseline 0 -19"><span class='ocrx_word' id='word_1_7' title='bbox 75 252 184 329; x_wconf 45' lang='lat' dir='ltr'><strong>‚Circa</strong></span> <span class='ocrx_word' id='word_1_8' title='bbox 196 254 276 315; x_wconf 87' lang='lat' dir='ltr'><strong>hunc</strong></span> <span class='ocrx_word' id='word_1_9' title='bbox 286 250 409 314; x_wconf 88' lang='lat' dir='ltr'><strong>modum</strong></span> <span class='ocrx_word' id='word_1_10' title='bbox 424 255 567 334; x_wconf 78' lang='lat' dir='ltr'><strong>quaritur</strong></span> <span class='ocrx_word' id='word_1_11' title='bbox 578 254 729 334; x_wconf 87' lang='lat' dir='ltr'><strong>quomodo</strong></span> <span class='ocrx_word' id='word_1_12' title='bbox 742 259 855 334; x_wconf 83' lang='lat' dir='ltr'><strong>peccet,</strong></span> <span class='ocrx_word' id='word_1_13' title='bbox 869 252 921 334; x_wconf 87' lang='lat' dir='ltr'><strong>qui</strong></span> <span class='ocrx_word' id='word_1_14' title='bbox 932 251 1006 315; x_wconf 89' lang='lat' dir='ltr'><strong>alte·</strong></span> 
     </span>
     <span class='ocr_line' id='line_1_3' title="bbox 22 332 1004 413; baseline 0.004 -22"><span class='ocrx_word' id='word_1_15' title='bbox 22 332 105 401; x_wconf 75' lang='lat' dir='ltr'><strong>rius</strong></span> <span class='ocrx_word' id='word_1_16' title='bbox 134 336 248 396; x_wconf 68' lang='lat' dir='ltr'><strong>cumen</strong></span> <span class='ocrx_word' id='word_1_17' title='bbox 269 335 318 393; x_wconf 80' lang='lat' dir='ltr'><strong>sel</strong></span> <span class='ocrx_word' id='word_1_18' title='bbox 339 333 489 394; x_wconf 82' lang='lat' dir='ltr'><strong>defectum</strong></span> <span class='ocrx_word' id='word_1_19' title='bbox 511 354 615 394; x_wconf 84' lang='lat' dir='ltr'><strong>verum</strong></span> <span class='ocrx_word' id='word_1_20' title='bbox 637 337 664 394; x_wconf 73' lang='grc' dir='ltr'><strong>δι</strong></span> <span class='ocrx_word' id='word_1_21' title='bbox 687 334 845 406; x_wconf 88' lang='lat' dir='ltr'><strong>occultum,</strong></span> <span class='ocrx_word' id='word_1_22' title='bbox 869 333 1004 413; x_wconf 78' lang='lat' dir='ltr'><strong>graviter</strong></span> 
     </span>
     <span class='ocr_line' id='line_1_4' title="bbox 24 413 824 496; baseline 0.003 -24"><span class='ocrx_word' id='word_1_23' title='bbox 24 415 238 496; x_wconf 87' lang='lat' dir='ltr'><strong>probrosum,</strong></span> <span class='ocrx_word' id='word_1_24' title='bbox 252 425 354 474; x_wconf 89' lang='lat' dir='ltr'><strong>narrat</strong></span> <span class='ocrx_word' id='word_1_25' title='bbox 366 415 419 473; x_wconf 90' lang='lat' dir='ltr'><strong>uui</strong></span> <span class='ocrx_word' id='word_1_26' title='bbox 432 416 498 474; x_wconf 77' lang='lat' dir='ltr'><strong>viro</strong></span> <span class='ocrx_word' id='word_1_27' title='bbox 511 413 606 493; x_wconf 83' lang='lat' dir='ltr'><strong>probo</strong></span> <span class='ocrx_word' id='word_1_28' title='bbox 621 417 648 474; x_wconf 78' lang='lat' dir='ltr'><strong>a</strong></span> <span class='ocrx_word' id='word_1_29' title='bbox 660 415 824 493; x_wconf 86' lang='lat' dir='ltr'><strong>prudenti?</strong></span> 
     </span>
    </p>

    <p class='ocr_par' dir='ltr' id='par_1_3' title="bbox 27 493 1003 793">
     <span class='ocr_line' id='line_1_5' title="bbox 79 493 1003 573; baseline -0.004 -17"><span class='ocrx_word' id='word_1_30' title='bbox 79 494 130 556; x_wconf 89' lang='lat' dir='ltr'><strong>V.</strong></span> <span class='ocrx_word' id='word_1_31' title='bbox 151 496 192 555; x_wconf 66' lang='lat' dir='ltr'><strong>R,</strong></span> <span class='ocrx_word' id='word_1_32' title='bbox 213 495 385 573; x_wconf 79' lang='lat' dir='ltr'><strong>Supposito,</strong></span> <span class='ocrx_word' id='word_1_33' title='bbox 400 494 480 572; x_wconf 89' lang='lat' dir='ltr'><strong>quod</strong></span> <span class='ocrx_word' id='word_1_34' title='bbox 493 514 553 553; x_wconf 92' lang='lat' dir='ltr'><strong>non</strong></span> <span class='ocrx_word' id='word_1_35' title='bbox 567 493 646 553; x_wconf 85' lang='lat' dir='ltr'><strong>adsit</strong></span> <span class='ocrx_word' id='word_1_36' title='bbox 659 494 720 553; x_wconf 88' lang='lat' dir='ltr'><strong>ulla</strong></span> <span class='ocrx_word' id='word_1_37' title='bbox 729 493 812 572; x_wconf 88' lang='lat' dir='ltr'><strong>justa</strong></span> <span class='ocrx_word' id='word_1_38' title='bbox 826 513 922 565; x_wconf 86' lang='lat' dir='ltr'><strong>causa,</strong></span> <span class='ocrx_word' id='word_1_39' title='bbox 939 513 1003 553; x_wconf 86' lang='lat' dir='ltr'><strong>sus-</strong></span> 
     </span>
     <span class='ocr_line' id='line_1_6' title="bbox 27 572 1000 652; baseline 0 -19"><span class='ocrx_word' id='word_1_40' title='bbox 27 572 147 634; x_wconf 82' lang='lat' dir='ltr'><strong>tinent</strong></span> <span class='ocrx_word' id='word_1_41' title='bbox 174 575 330 634; x_wconf 84' lang='lat' dir='ltr'><strong>Authores</strong></span> <span class='ocrx_word' id='word_1_42' title='bbox 357 574 562 644; x_wconf 86' lang='lat' dir='ltr'><strong>communiter,</strong></span> <span class='ocrx_word' id='word_1_43' title='bbox 591 593 656 633; x_wconf 82' lang='lat' dir='ltr'><strong>esse</strong></span> <span class='ocrx_word' id='word_1_44' title='bbox 683 583 836 652; x_wconf 87' lang='lat' dir='ltr'><strong>peccatum</strong></span> <span class='ocrx_word' id='word_1_45' title='bbox 864 572 1000 645; x_wconf 85' lang='lat' dir='ltr'><strong>mortale,</strong></span> 
     </span>
     <span class='ocr_line' id='line_1_7' title="bbox 32 652 1002 732; baseline 0.002 -21"><span class='ocrx_word' id='word_1_46' title='bbox 32 653 168 713; x_wconf 75' lang='lat' dir='ltr'><strong>etiamsi</strong></span> <span class='ocrx_word' id='word_1_47' title='bbox 188 653 352 732; x_wconf 85' lang='lat' dir='ltr'><strong>periculum</strong></span> <span class='ocrx_word' id='word_1_48' title='bbox 372 672 432 711; x_wconf 92' lang='lat' dir='ltr'><strong>non</strong></span> <span class='ocrx_word' id='word_1_49' title='bbox 453 653 502 723; x_wconf 85' lang='lat' dir='ltr'><strong>sit,</strong></span> <span class='ocrx_word' id='word_1_50' title='bbox 525 672 564 712; x_wconf 91' lang='lat' dir='ltr'><strong>ne</strong></span> <span class='ocrx_word' id='word_1_51' title='bbox 584 653 635 714; x_wconf 91' lang='lat' dir='ltr'><strong>ille</strong></span> <span class='ocrx_word' id='word_1_52' title='bbox 652 654 700 712; x_wconf 86' lang='lat' dir='ltr'><strong>vir</strong></span> <span class='ocrx_word' id='word_1_53' title='bbox 713 653 839 712; x_wconf 80' lang='lat' dir='ltr'><strong>ulterirls</strong></span> <span class='ocrx_word' id='word_1_54' title='bbox 857 652 1002 732; x_wconf 80' lang='lat' dir='ltr'><strong>divulget,</strong></span> 
     </span>
     <span class='ocr_line' id='line_1_8' title="bbox 32 731 597 793; baseline -0.002 -2"><span class='ocrx_word' id='word_1_55' title='bbox 32 750 102 792; x_wconf 78' lang='lat' dir='ltr'><strong>nec</strong></span> <span class='ocrx_word' id='word_1_56' title='bbox 115 733 199 791; x_wconf 89' lang='lat' dir='ltr'><strong>aliud</strong></span> <span class='ocrx_word' id='word_1_57' title='bbox 213 731 432 792; x_wconf 88' lang='lat' dir='ltr'><strong>incommodum</strong></span> <span class='ocrx_word' id='word_1_58' title='bbox 447 732 597 793; x_wconf 77' lang='lat' dir='ltr'><strong>timeatur.</strong></span> 
     </span>
    </p>

    <p class='ocr_par' dir='ltr' id='par_1_4' title="bbox 41 810 1004 1051">
     <span class='ocr_line' id='line_1_9' title="bbox 84 810 1004 890; baseline -0.002 -18"><span class='ocrx_word' id='word_1_59' title='bbox 84 813 183 873; x_wconf 86' lang='lat' dir='ltr'><strong>Ratio</strong></span> <span class='ocrx_word' id='word_1_60' title='bbox 192 824 246 878; x_wconf 88' lang='lat' dir='ltr'><strong>est,</strong></span> <span class='ocrx_word' id='word_1_61' title='bbox 256 811 337 890; x_wconf 92' lang='lat' dir='ltr'><strong>quod</strong></span> <span class='ocrx_word' id='word_1_62' title='bbox 346 822 501 871; x_wconf 89' lang='lat' dir='ltr'><strong>censeatur</strong></span> <span class='ocrx_word' id='word_1_63' title='bbox 511 832 603 890; x_wconf 87' lang='lat' dir='ltr'><strong>grave</strong></span> <span class='ocrx_word' id='word_1_64' title='bbox 614 812 643 870; x_wconf 91' lang='lat' dir='ltr'><strong>in</strong></span> <span class='ocrx_word' id='word_1_65' title='bbox 655 811 781 871; x_wconf 88' lang='lat' dir='ltr'><strong>materia</strong></span> <span class='ocrx_word' id='word_1_66' title='bbox 791 810 1004 870; x_wconf 86' lang='lat' dir='ltr'><strong>diffamationis</strong></span> 
     </span>
     <span class='ocr_line' id='line_1_10' title="bbox 41 891 1000 970; baseline -0.003 -19"><span class='ocrx_word' id='word_1_67' title='bbox 41 892 189 951; x_wconf 81' lang='lat' dir='ltr'><strong>amittere</strong></span> <span class='ocrx_word' id='word_1_68' title='bbox 209 893 328 963; x_wconf 88' lang='lat' dir='ltr'><strong>famam,</strong></span> <span class='ocrx_word' id='word_1_69' title='bbox 351 893 377 950; x_wconf 78' lang='lat' dir='ltr'><strong>dt</strong></span> <span class='ocrx_word' id='word_1_70' title='bbox 398 891 474 950; x_wconf 92' lang='lat' dir='ltr'><strong>male</strong></span> <span class='ocrx_word' id='word_1_71' title='bbox 495 892 598 950; x_wconf 90' lang='lat' dir='ltr'><strong>audire</strong></span> <span class='ocrx_word' id='word_1_72' title='bbox 612 892 692 970; x_wconf 90' lang='lat' dir='ltr'><strong>apud</strong></span> <span class='ocrx_word' id='word_1_73' title='bbox 710 912 802 950; x_wconf 93' lang='lat' dir='ltr'><strong>unum</strong></span> <span class='ocrx_word' id='word_1_74' title='bbox 816 892 913 949; x_wconf 90' lang='lat' dir='ltr'><strong>virum</strong></span> <span class='ocrx_word' id='word_1_75' title='bbox 934 911 1000 969; x_wconf 85' lang='lat' dir='ltr'><strong>gra·</strong></span> 
     </span>
     <span class='ocr_line' id='line_1_11' title="bbox 44 969 1003 1051; baseline 0.001 -22"><span class='ocrx_word' id='word_1_76' title='bbox 44 990 125 1043; x_wconf 81' lang='lat' dir='ltr'><strong>vam,</strong></span> <span class='ocrx_word' id='word_1_77' title='bbox 146 971 237 1050; x_wconf 87' lang='lat' dir='ltr'><strong>juxta</strong></span> <span class='ocrx_word' id='word_1_78' title='bbox 257 971 389 1049; x_wconf 83' lang='lat' dir='ltr'><strong>vulgare·</strong></span> <span class='ocrx_word' id='word_1_79' title='bbox 402 971 611 1048; x_wconf 81' lang='lat' dir='ltr'><strong>proverbium:</strong></span> <span class='ocrx_word' id='word_1_80' title='bbox 632 982 651 1011; x_wconf 78' lang='lat'><strong>⁴⁸</strong></span> <span class='ocrx_word' id='word_1_81' title='bbox 663 971 751 1030; x_wconf 89' lang='lat' dir='ltr'><strong>Bono</strong></span> <span class='ocrx_word' id='word_1_82' title='bbox 771 969 892 1051; x_wconf 86' lang='lat' dir='ltr'><strong>probari</strong></span> <span class='ocrx_word' id='word_1_83' title='bbox 915 969 1003 1043; x_wconf 91' lang='lat' dir='ltr'><strong>malo,</strong></span> 
     </span>
    </p>

    <p class='ocr_par' dir='ltr' id='par_1_5' title="bbox 51 1050 417 1128">
     <span class='ocr_line' id='line_1_12' title="bbox 51 1050 417 1128; baseline 0 -19"><span class='ocrx_word' id='word_1_84' title='bbox 51 1058 70 1088; x_wconf 78' lang='lat'><strong>‘¹</strong></span> <span class='ocrx_word' id='word_1_85' title='bbox 84 1071 177 1128; x_wconf 91' lang='lat' dir='ltr'><strong>qnam</strong></span> <span class='ocrx_word' id='word_1_86' title='bbox 189 1050 292 1110; x_wconf 89' lang='lat' dir='ltr'><strong>multis</strong></span> <span class='ocrx_word' id='word_1_87' title='bbox 306 1050 417 1109; x_wconf 87' lang='lat' dir='ltr'><strong>malis.”</strong></span> 
     </span>
    </p>

    <p class='ocr_par' dir='ltr' id='par_1_6' title="bbox 52 1128 1005 1288">
     <span class='ocr_line' id='line_1_13' title="bbox 87 1128 1004 1208; baseline -0.002 -19"><span class='ocrx_word' id='word_1_88' title='bbox 87 1129 240 1190; x_wconf 78' lang='lat' dir='ltr'><strong>Probatur</strong></span> <span class='ocrx_word' id='word_1_89' title='bbox 258 1130 402 1191; x_wconf 84' lang='lat' dir='ltr'><strong>ulterids:</strong></span> <span class='ocrx_word' id='word_1_90' title='bbox 424 1128 571 1206; x_wconf 85' lang='lat' dir='ltr'><strong>judicium</strong></span> <span class='ocrx_word' id='word_1_91' title='bbox 592 1129 784 1189; x_wconf 89' lang='lat' dir='ltr'><strong>temerarium</strong></span> <span class='ocrx_word' id='word_1_92' title='bbox 808 1129 840 1188; x_wconf 88' lang='lat' dir='ltr'><strong>in</strong></span> <span class='ocrx_word' id='word_1_93' title='bbox 861 1148 895 1188; x_wconf 90' lang='lat' dir='ltr'><strong>re</strong></span> <span class='ocrx_word' id='word_1_94' title='bbox 916 1129 1004 1208; x_wconf 78' lang='lat' dir='ltr'><strong>gravi</strong></span> 
     </span>
     <span class='ocr_line' id='line_1_14' title="bbox 52 1208 1005 1288; baseline -0.003 -19"><span class='ocrx_word' id='word_1_95' title='bbox 52 1216 97 1269; x_wconf 85' lang='lat' dir='ltr'><strong>est</strong></span> <span class='ocrx_word' id='word_1_96' title='bbox 109 1210 266 1288; x_wconf 86' lang='lat' dir='ltr'><strong>peccatum</strong></span> <span class='ocrx_word' id='word_1_97' title='bbox 281 1209 417 1279; x_wconf 83' lang='lat' dir='ltr'><strong>mortale,</strong></span> <span class='ocrx_word' id='word_1_98' title='bbox 438 1208 509 1268; x_wconf 89' lang='lat' dir='ltr'><strong>licet</strong></span> <span class='ocrx_word' id='word_1_99' title='bbox 529 1209 603 1268; x_wconf 90' lang='lat' dir='ltr'><strong>illud</strong></span> <span class='ocrx_word' id='word_1_100' title='bbox 621 1208 755 1269; x_wconf 84' lang='lat' dir='ltr'><strong>exterids</strong></span> <span class='ocrx_word' id='word_1_101' title='bbox 768 1229 828 1269; x_wconf 90' lang='lat' dir='ltr'><strong>non</strong></span> <span class='ocrx_word' id='word_1_102' title='bbox 842 1209 1005 1288; x_wconf 78' lang='lat' dir='ltr'><strong>prodatur=</strong></span> 
     </span>
    </p>

    <p class='ocr_par' dir='ltr' id='par_1_7' title="bbox 10 1286 1005 1368">
     <span class='ocr_line' id='line_1_15' title="bbox 10 1286 1005 1368; baseline -0.002 -19"><span class='ocrx_word' id='word_1_103' title='bbox 10 1338 12 1349; x_wconf 92' lang='lat'><em>.</em></span> <span class='ocrx_word' id='word_1_104' title='bbox 52 1290 135 1368; x_wconf 83' lang='lat' dir='ltr'><strong>atqui</strong></span> <span class='ocrx_word' id='word_1_105' title='bbox 159 1299 258 1349; x_wconf 87' lang='lat' dir='ltr'><strong>tamen</strong></span> <span class='ocrx_word' id='word_1_106' title='bbox 273 1309 332 1348; x_wconf 95' lang='lat' dir='ltr'><strong>non</strong></span> <span class='ocrx_word' id='word_1_107' title='bbox 357 1300 404 1348; x_wconf 88' lang='lat' dir='ltr'><strong>est</strong></span> <span class='ocrx_word' id='word_1_108' title='bbox 414 1288 471 1347; x_wconf 84' lang='lat' dir='ltr'><strong>nisi</strong></span> <span class='ocrx_word' id='word_1_109' title='bbox 480 1287 627 1367; x_wconf 90' lang='lat' dir='ltr'><strong>judicium</strong></span> <span class='ocrx_word' id='word_1_110' title='bbox 638 1288 726 1347; x_wconf 87' lang='lat' dir='ltr'><strong>unius</strong></span> <span class='ocrx_word' id='word_1_111' title='bbox 739 1289 868 1347; x_wconf 86' lang='lat' dir='ltr'><strong>hominis</strong></span> <span class='ocrx_word' id='word_1_112' title='bbox 880 1288 916 1347; x_wconf 93' lang='lat' dir='ltr'><strong>de</strong></span> <span class='ocrx_word' id='word_1_113' title='bbox 927 1286 1005 1347; x_wconf 91' lang='lat' dir='ltr'><strong>malo</strong></span> 
     </span>
    </p>

    <p class='ocr_par' dir='ltr' id='par_1_8' title="bbox 10 1367 1006 1606">
     <span class='ocr_line' id='line_1_16' title="bbox 10 1367 1005 1449; baseline -0.005 -20"><span class='ocrx_word' id='word_1_114' title='bbox 10 1410 14 1443; x_wconf 77' lang='grc'>,</span> <span class='ocrx_word' id='word_1_115' title='bbox 51 1369 180 1449; x_wconf 84' lang='lat' dir='ltr'><strong>proximi</strong></span> <span class='ocrx_word' id='word_1_116' title='bbox 207 1369 369 1447; x_wconf 83' lang='lat' dir='ltr'><strong>probroso:</strong></span> <span class='ocrx_word' id='word_1_117' title='bbox 391 1369 462 1428; x_wconf 91' lang='lat' dir='ltr'><strong>item</strong></span> <span class='ocrx_word' id='word_1_118' title='bbox 483 1369 662 1428; x_wconf 88' lang='lat' dir='ltr'><strong>contumelia</strong></span> <span class='ocrx_word' id='word_1_119' title='bbox 686 1369 796 1447; x_wconf 86' lang='lat' dir='ltr'><strong>gravis,</strong></span> <span class='ocrx_word' id='word_1_120' title='bbox 821 1368 912 1428; x_wconf 90' lang='lat' dir='ltr'><strong>etiam</strong></span> <span class='ocrx_word' id='word_1_121' title='bbox 926 1367 1005 1425; x_wconf 89' lang='lat' dir='ltr'><strong>inter</strong></span> 
     </span>
     <span class='ocr_line' id='line_1_17' title="bbox 69 1447 1006 1526; baseline -0.001 -19"><span class='ocrx_word' id='word_1_122' title='bbox 69 1459 178 1507; x_wconf 89' lang='lat' dir='ltr'><strong>uatuor</strong></span> <span class='ocrx_word' id='word_1_123' title='bbox 201 1448 302 1508; x_wconf 86' lang='lat' dir='ltr'><strong>oculos</strong></span> <span class='ocrx_word' id='word_1_124' title='bbox 326 1449 442 1509; x_wconf 74' lang='lat' dir='ltr'><strong>tantiam</strong></span> <span class='ocrx_word' id='word_1_125' title='bbox 466 1448 631 1519; x_wconf 80' lang='lat' dir='ltr'><strong>commissa,</strong></span> <span class='ocrx_word' id='word_1_126' title='bbox 659 1459 706 1507; x_wconf 86' lang='lat' dir='ltr'><strong>est</strong></span> <span class='ocrx_word' id='word_1_127' title='bbox 726 1447 878 1508; x_wconf 83' lang='lat' dir='ltr'><strong>mortalis:</strong></span> <span class='ocrx_word' id='word_1_128' title='bbox 900 1448 1006 1526; x_wconf 68' lang='lat' dir='ltr'><strong>ergoet</strong></span> 
     </span>
     <span class='ocr_line' id='line_1_18' title="bbox 51 1469 845 1606; baseline 0.003 -20"><span class='ocrx_word' id='word_1_129' title='bbox 51 1469 169 1587; x_wconf 87' lang='lat' dir='ltr'><strong>lortiori</strong></span> <span class='ocrx_word' id='word_1_130' title='bbox 183 1527 264 1587; x_wconf 88' lang='lat' dir='ltr'><strong>dicta</strong></span> <span class='ocrx_word' id='word_1_131' title='bbox 274 1526 475 1587; x_wconf 88' lang='lat' dir='ltr'><strong>manifestatio</strong></span> <span class='ocrx_word' id='word_1_132' title='bbox 486 1539 532 1587; x_wconf 84' lang='lat' dir='ltr'><strong>eet</strong></span> <span class='ocrx_word' id='word_1_133' title='bbox 542 1540 696 1606; x_wconf 87' lang='lat' dir='ltr'><strong>peccatum</strong></span> <span class='ocrx_word' id='word_1_134' title='bbox 709 1527 845 1588; x_wconf 81' lang='lat' dir='ltr'><strong>mortale.</strong></span> 
     </span>
    </p>

    <p class='ocr_par' dir='ltr' id='par_1_9' title="bbox 53 1604 1006 1765">
     <span class='ocr_line' id='line_1_19' title="bbox 88 1604 1006 1686; baseline -0.003 -18"><span class='ocrx_word' id='word_1_135' title='bbox 88 1604 162 1686; x_wconf 82' lang='lat' dir='ltr'><strong>obj.</strong></span> <span class='ocrx_word' id='word_1_136' title='bbox 177 1606 273 1667; x_wconf 82' lang='lat' dir='ltr'><strong>Fama</strong></span> <span class='ocrx_word' id='word_1_137' title='bbox 282 1617 329 1667; x_wconf 87' lang='lat' dir='ltr'><strong>est</strong></span> <span class='ocrx_word' id='word_1_138' title='bbox 342 1607 450 1666; x_wconf 91' lang='lat' dir='ltr'><strong>notitia</strong></span> <span class='ocrx_word' id='word_1_139' title='bbox 464 1608 490 1665; x_wconf 75' lang='grc' dir='ltr'><strong>δι</strong></span> <span class='ocrx_word' id='word_1_140' title='bbox 504 1607 687 1666; x_wconf 82' lang='lat' dir='ltr'><strong>existimatio</strong></span> <span class='ocrx_word' id='word_1_141' title='bbox 699 1606 832 1685; x_wconf 84' lang='lat' dir='ltr'><strong>publica:</strong></span> <span class='ocrx_word' id='word_1_142' title='bbox 857 1626 930 1685; x_wconf 82' lang='lat' dir='ltr'><strong>ergo</strong></span> <span class='ocrx_word' id='word_1_143' title='bbox 945 1625 1006 1666; x_wconf 91' lang='lat' dir='ltr'><strong>non</strong></span> 
     </span>
     <span class='ocr_line' id='line_1_20' title="bbox 53 1685 966 1765; baseline -0.004 -18"><span class='ocrx_word' id='word_1_144' title='bbox 53 1685 186 1747; x_wconf 79' lang='lat' dir='ltr'><strong>aufertur</strong></span> <span class='ocrx_word' id='word_1_145' title='bbox 200 1706 254 1764; x_wconf 88' lang='lat' dir='ltr'><strong>par</strong></span> <span class='ocrx_word' id='word_1_146' title='bbox 267 1686 334 1758; x_wconf 90' lang='lat' dir='ltr'><strong>hoc,</strong></span> <span class='ocrx_word' id='word_1_147' title='bbox 355 1686 436 1764; x_wconf 80' lang='lat' dir='ltr'><strong>qudd</strong></span> <span class='ocrx_word' id='word_1_148' title='bbox 448 1686 600 1746; x_wconf 87' lang='lat' dir='ltr'><strong>reveletur</strong></span> <span class='ocrx_word' id='word_1_149' title='bbox 623 1686 736 1765; x_wconf 87' lang='lat' dir='ltr'><strong>aliquid</strong></span> <span class='ocrx_word' id='word_1_150' title='bbox 750 1687 802 1745; x_wconf 89' lang='lat' dir='ltr'><strong>uni</strong></span> <span class='ocrx_word' id='word_1_151' title='bbox 816 1685 966 1765; x_wconf 85' lang='lat' dir='ltr'><strong>prudenti.</strong></span> 
     </span>
    </p>

    <p class='ocr_par' dir='ltr' id='par_1_10' title="bbox 55 1764 1008 2005">
     <span class='ocr_line' id='line_1_21' title="bbox 88 1764 1006 1846; baseline -0.003 -19"><span class='ocrx_word' id='word_1_152' title='bbox 88 1764 269 1843; x_wconf 78' lang='lat' dir='ltr'><strong>Respondet</strong></span> <span class='ocrx_word' id='word_1_153' title='bbox 295 1768 325 1827; x_wconf 89' lang='lat' dir='ltr'><strong>S.</strong></span> <span class='ocrx_word' id='word_1_154' title='bbox 340 1766 448 1826; x_wconf 86' lang='lat' dir='ltr'><strong>Thom.</strong></span> <span class='ocrx_word' id='word_1_155' title='bbox 462 1777 566 1846; x_wconf 77' lang='lat' dir='ltr'><strong>quaest.</strong></span> <span class='ocrx_word' id='word_1_156' title='bbox 589 1769 638 1825; x_wconf 78' lang='lat'><strong>73.</strong></span> <span class='ocrx_word' id='word_1_157' title='bbox 660 1776 716 1825; x_wconf 86' lang='lat' dir='ltr'><strong>art.</strong></span> <span class='ocrx_word' id='word_1_158' title='bbox 733 1767 758 1824; x_wconf 90' lang='lat' dir='ltr'><strong>l.</strong></span> <span class='ocrx_word' id='word_1_159' title='bbox 771 1765 809 1824; x_wconf 92' lang='lat' dir='ltr'><strong>ad</strong></span> <span class='ocrx_word' id='word_1_160' title='bbox 829 1769 857 1823; x_wconf 82' lang='lat'><strong>2.</strong></span> <span class='ocrx_word' id='word_1_161' title='bbox 878 1776 895 1804; x_wconf 91' lang='grc'><strong>“</strong></span> <span class='ocrx_word' id='word_1_162' title='bbox 907 1765 939 1826; x_wconf 88' lang='lat' dir='ltr'><strong>Si</strong></span> <span class='ocrx_word' id='word_1_163' title='bbox 952 1766 1006 1824; x_wconf 89' lang='lat' dir='ltr'><strong>uni</strong></span> 
     </span>
     <span class='ocr_line' id='line_1_22' title="bbox 55 1844 1008 1924; baseline -0.001 -20"><span class='ocrx_word' id='word_1_164' title='bbox 55 1852 70 1885; x_wconf 85' lang='lat'><strong><em>“</em></strong></span> <span class='ocrx_word' id='word_1_165' title='bbox 82 1844 141 1905; x_wconf 89' lang='lat' dir='ltr'><strong>soli</strong></span> <span class='ocrx_word' id='word_1_166' title='bbox 161 1845 270 1924; x_wconf 82' lang='lat' dir='ltr'><strong>aliquis</strong></span> <span class='ocrx_word' id='word_1_167' title='bbox 285 1846 322 1905; x_wconf 92' lang='lat' dir='ltr'><strong>de</strong></span> <span class='ocrx_word' id='word_1_168' title='bbox 344 1845 467 1905; x_wconf 82' lang='lat' dir='ltr'><strong>absente</strong></span> <span class='ocrx_word' id='word_1_169' title='bbox 481 1846 591 1905; x_wconf 90' lang='lat' dir='ltr'><strong>malum</strong></span> <span class='ocrx_word' id='word_1_170' title='bbox 606 1846 695 1917; x_wconf 88' lang='lat' dir='ltr'><strong>dicat,</strong></span> <span class='ocrx_word' id='word_1_171' title='bbox 717 1845 881 1922; x_wconf 83' lang='lat' dir='ltr'><strong>corrumpit</strong></span> <span class='ocrx_word' id='word_1_172' title='bbox 897 1844 1008 1903; x_wconf 83' lang='lat' dir='ltr'><strong>famam</strong></span> 
     </span>
     <span class='ocr_line' id='line_1_23' title="bbox 56 1923 1008 2005; baseline -0.004 -20"><span class='ocrx_word' id='word_1_173' title='bbox 56 1924 159 2005; x_wconf 83' lang='lat' dir='ltr'><strong>“ejus,</strong></span> <span class='ocrx_word' id='word_1_174' title='bbox 174 1944 234 1984; x_wconf 90' lang='lat' dir='ltr'><strong>non</strong></span> <span class='ocrx_word' id='word_1_175' title='bbox 249 1926 278 1983; x_wconf 93' lang='lat' dir='ltr'><strong>in</strong></span> <span class='ocrx_word' id='word_1_176' title='bbox 292 1935 367 1995; x_wconf 87' lang='lat' dir='ltr'><strong>toto,</strong></span> <span class='ocrx_word' id='word_1_177' title='bbox 382 1923 435 1984; x_wconf 81' lang='lat' dir='ltr'><strong>sed</strong></span> <span class='ocrx_word' id='word_1_178' title='bbox 444 1926 480 2001; x_wconf 88' lang='lat' dir='ltr'><strong>in</strong></span> <span class='ocrx_word' id='word_1_179' title='bbox 488 1937 574 2004; x_wconf 88' lang='lat' dir='ltr'><strong>parte</strong></span> <span class='ocrx_word' id='word_1_180' title='bbox 583 1925 608 1985; x_wconf 86' lang='lat'><strong>:&#39;&#39;</strong></span> <span class='ocrx_word' id='word_1_181' title='bbox 622 1924 688 1984; x_wconf 79' lang='lat' dir='ltr'><strong>crim</strong></span> <span class='ocrx_word' id='word_1_182' title='bbox 700 1935 799 1984; x_wconf 87' lang='lat' dir='ltr'><strong>autem</strong></span> <span class='ocrx_word' id='word_1_183' title='bbox 811 1925 842 1982; x_wconf 93' lang='lat' dir='ltr'><strong>in</strong></span> <span class='ocrx_word' id='word_1_184' title='bbox 856 1945 925 1983; x_wconf 84' lang='lat' dir='ltr'><strong>casu</strong></span> <span class='ocrx_word' id='word_1_185' title='bbox 938 1942 1008 2002; x_wconf 84' lang='lat' dir='ltr'><strong>pars</strong></span> 
     </span>
    </p>

    <p class='ocr_par' dir='ltr' id='par_1_11' title="bbox 10 2002 1012 2790">
     <span class='ocr_line' id='line_1_24' title="bbox 10 2002 1009 2075; baseline -0.003 -10"><span class='ocrx_word' id='word_1_186' title='bbox 10 2022 20 2075; x_wconf 62' lang='lat' dir='ltr'><em>j</em></span> <span class='ocrx_word' id='word_1_187' title='bbox 56 2002 102 2065; x_wconf 90' lang='lat' dir='ltr'><strong>illa</strong></span> <span class='ocrx_word' id='word_1_188' title='bbox 114 2004 203 2064; x_wconf 76' lang='lat' dir='ltr'><strong>famae</strong></span> <span class='ocrx_word' id='word_1_189' title='bbox 224 2005 263 2063; x_wconf 86' lang='lat' dir='ltr'><strong>eit</strong></span> <span class='ocrx_word' id='word_1_190' title='bbox 276 2003 425 2075; x_wconf 84' lang='lat' dir='ltr'><strong>notabilis,</strong></span> <span class='ocrx_word' id='word_1_191' title='bbox 440 2004 466 2063; x_wconf 82' lang='lat' dir='ltr'><strong>si</strong></span> <span class='ocrx_word' id='word_1_192' title='bbox 479 2025 537 2065; x_wconf 93' lang='lat' dir='ltr'><strong>non</strong></span> <span class='ocrx_word' id='word_1_193' title='bbox 553 2005 718 2075; x_wconf 68' lang='lat' dir='ltr'><strong>extensive,</strong></span> <span class='ocrx_word' id='word_1_194' title='bbox 733 2004 838 2063; x_wconf 84' lang='lat' dir='ltr'><strong>saltem</strong></span> <span class='ocrx_word' id='word_1_195' title='bbox 853 2002 1009 2074; x_wconf 73' lang='lat' dir='ltr'><strong>intensive,</strong></span> 
     </span>
     <span class='ocr_line' id='line_1_25' title="bbox 10 2083 1009 2165; baseline -0.004 -20"><span class='ocrx_word' id='word_1_196' title='bbox 10 2098 32 2155; x_wconf 61' lang='lat' dir='ltr'><strong>„l</strong></span> <span class='ocrx_word' id='word_1_197' title='bbox 56 2084 139 2145; x_wconf 76' lang='lat' dir='ltr'><strong>facile</strong></span> <span class='ocrx_word' id='word_1_198' title='bbox 144 2094 231 2164; x_wconf 87' lang='lat' dir='ltr'><strong>patet</strong></span> <span class='ocrx_word' id='word_1_199' title='bbox 249 2083 399 2163; x_wconf 89' lang='lat' dir='ltr'><strong>quomodo</strong></span> <span class='ocrx_word' id='word_1_200' title='bbox 424 2083 504 2143; x_wconf 87' lang='lat' dir='ltr'><strong>illam</strong></span> <span class='ocrx_word' id='word_1_201' title='bbox 521 2096 638 2165; x_wconf 88' lang='lat' dir='ltr'><strong>partem</strong></span> <span class='ocrx_word' id='word_1_202' title='bbox 655 2084 793 2144; x_wconf 84' lang='lat' dir='ltr'><strong>auferens</strong></span> <span class='ocrx_word' id='word_1_203' title='bbox 817 2094 920 2163; x_wconf 89' lang='lat' dir='ltr'><strong>peccet</strong></span> <span class='ocrx_word' id='word_1_204' title='bbox 941 2101 1009 2162; x_wconf 82' lang='lat' dir='ltr'><strong>gra·</strong></span> 
     </span>
     <span class='ocr_line' id='line_1_26' title="bbox 17 2164 236 2225; baseline -0.009 0"><span class='ocrx_word' id='word_1_205' title='bbox 17 2182 30 2205; x_wconf 56' lang='lat'><strong>*²</strong></span> <span class='ocrx_word' id='word_1_206' title='bbox 59 2164 147 2225; x_wconf 77' lang='lat' dir='ltr'><strong>viter.</strong></span> <span class='ocrx_word' id='word_1_207' title='bbox 231 2180 236 2187; x_wconf 85' lang='lat'>·</span> 
     </span>
     <span class='ocr_line' id='line_1_27' title="bbox 10 2208 1007 2333; baseline -0.003 -26"><span class='ocrx_word' id='word_1_208' title='bbox 10 2208 30 2333; x_wconf 62' lang='lat' dir='ltr'><strong>fl</strong></span> <span class='ocrx_word' id='word_1_209' title='bbox 88 2241 261 2307; x_wconf 75' lang='lat' dir='ltr'><strong>Fatendum</strong></span> <span class='ocrx_word' id='word_1_210' title='bbox 275 2240 405 2315; x_wconf 86' lang='lat' dir='ltr'><strong>interim,</strong></span> <span class='ocrx_word' id='word_1_211' title='bbox 419 2243 559 2323; x_wconf 89' lang='lat' dir='ltr'><strong>injuriam</strong></span> <span class='ocrx_word' id='word_1_212' title='bbox 571 2242 661 2323; x_wconf 74' lang='lat' dir='ltr'><strong>longe</strong></span> <span class='ocrx_word' id='word_1_213' title='bbox 673 2241 818 2302; x_wconf 88' lang='lat' dir='ltr'><strong>minorem</strong></span> <span class='ocrx_word' id='word_1_214' title='bbox 828 2262 894 2302; x_wconf 85' lang='lat' dir='ltr'><strong>esse</strong></span> <span class='ocrx_word' id='word_1_215' title='bbox 902 2263 940 2302; x_wconf 85' lang='lat' dir='ltr'><strong>ex</strong></span> <span class='ocrx_word' id='word_1_216' title='bbox 951 2244 1007 2305; x_wconf 90' lang='lat' dir='ltr'><strong>hoc</strong></span> 
     </span>
     <span class='ocr_line' id='line_1_28' title="bbox 22 2322 1012 2403; baseline 0 -20"><span class='ocrx_word' id='word_1_217' title='bbox 22 2344 25 2361; x_wconf 80' lang='lat'><strong>¹</strong></span> <span class='ocrx_word' id='word_1_218' title='bbox 55 2322 136 2403; x_wconf 82' lang='lat' dir='ltr'><strong>qudd</strong></span> <span class='ocrx_word' id='word_1_219' title='bbox 149 2342 212 2383; x_wconf 89' lang='lat' dir='ltr'><strong>non</strong></span> <span class='ocrx_word' id='word_1_220' title='bbox 224 2323 283 2382; x_wconf 86' lang='lat' dir='ltr'><strong>nisi</strong></span> <span class='ocrx_word' id='word_1_221' title='bbox 293 2322 392 2394; x_wconf 80' lang='lat' dir='ltr'><strong>unius,</strong></span> <span class='ocrx_word' id='word_1_222' title='bbox 406 2325 433 2382; x_wconf 79' lang='lat' dir='ltr'><strong>a</strong></span> <span class='ocrx_word' id='word_1_223' title='bbox 446 2322 567 2403; x_wconf 89' lang='lat' dir='ltr'><strong>quidem</strong></span> <span class='ocrx_word' id='word_1_224' title='bbox 581 2323 668 2402; x_wconf 90' lang='lat' dir='ltr'><strong>probi</strong></span> <span class='ocrx_word' id='word_1_225' title='bbox 682 2343 716 2381; x_wconf 89' lang='lat' dir='ltr'><strong>ac</strong></span> <span class='ocrx_word' id='word_1_226' title='bbox 729 2322 887 2401; x_wconf 85' lang='lat' dir='ltr'><strong>prudentis</strong></span> <span class='ocrx_word' id='word_1_227' title='bbox 901 2325 1012 2383; x_wconf 85' lang='lat' dir='ltr'><strong>consci·</strong></span> 
     </span>
     <span class='ocr_line' id='line_1_29' title="bbox 12 2402 1008 2480; baseline 0.001 -17"><span class='ocrx_word' id='word_1_228' title='bbox 12 2416 17 2423; x_wconf 91' lang='lat'>&#39;</span> <span class='ocrx_word' id='word_1_229' title='bbox 53 2404 140 2463; x_wconf 76' lang='lat' dir='ltr'><strong>entim</strong></span> <span class='ocrx_word' id='word_1_230' title='bbox 149 2423 289 2463; x_wconf 90' lang='lat' dir='ltr'><strong>arcanum</strong></span> <span class='ocrx_word' id='word_1_231' title='bbox 298 2403 337 2461; x_wconf 87' lang='lat' dir='ltr'><strong>sit</strong></span> <span class='ocrx_word' id='word_1_232' title='bbox 348 2404 535 2462; x_wconf 83' lang='lat' dir='ltr'><strong>commissum</strong></span> <span class='ocrx_word' id='word_1_233' title='bbox 545 2426 553 2461; x_wconf 73' lang='grc' dir='ltr'>ι</span> <span class='ocrx_word' id='word_1_234' title='bbox 564 2403 642 2461; x_wconf 90' lang='lat' dir='ltr'><strong>unde</strong></span> <span class='ocrx_word' id='word_1_235' title='bbox 651 2402 805 2480; x_wconf 86' lang='lat' dir='ltr'><strong>subjungit</strong></span> <span class='ocrx_word' id='word_1_236' title='bbox 818 2403 967 2480; x_wconf 87' lang='lat' dir='ltr'><strong>Steyaert,</strong></span> <span class='ocrx_word' id='word_1_237' title='bbox 982 2405 1008 2464; x_wconf 89' lang='lat' dir='ltr'><strong>si</strong></span> 
     </span>
     <span class='ocr_line' id='line_1_30' title="bbox 73 2480 1009 2561; baseline 0.001 -20"><span class='ocrx_word' id='word_1_238' title='bbox 73 2482 125 2542; x_wconf 91' lang='lat' dir='ltr'><strong>uid</strong></span> <span class='ocrx_word' id='word_1_239' title='bbox 139 2480 259 2541; x_wconf 80' lang='lat' dir='ltr'><strong>aliunde</strong></span> <span class='ocrx_word' id='word_1_240' title='bbox 273 2482 403 2554; x_wconf 89' lang='lat' dir='ltr'><strong>accedat,</strong></span> <span class='ocrx_word' id='word_1_241' title='bbox 415 2482 495 2561; x_wconf 89' lang='lat' dir='ltr'><strong>quod</strong></span> <span class='ocrx_word' id='word_1_242' title='bbox 503 2483 619 2560; x_wconf 89' lang='lat' dir='ltr'><strong>culpam</strong></span> <span class='ocrx_word' id='word_1_243' title='bbox 629 2484 752 2552; x_wconf 90' lang='lat' dir='ltr'><strong>minuat,</strong></span> <span class='ocrx_word' id='word_1_244' title='bbox 766 2501 795 2540; x_wconf 81' lang='lat' dir='ltr'><strong>v.</strong></span> <span class='ocrx_word' id='word_1_245' title='bbox 806 2501 835 2559; x_wconf 81' lang='lat' dir='ltr'><strong>g.</strong></span> <span class='ocrx_word' id='word_1_246' title='bbox 849 2482 947 2541; x_wconf 88' lang='lat' dir='ltr'><strong>solatii</strong></span> <span class='ocrx_word' id='word_1_247' title='bbox 957 2495 1009 2542; x_wconf 88' lang='lat' dir='ltr'><strong>aut</strong></span> 
     </span>
     <span class='ocr_line' id='line_1_31' title="bbox 53 2502 1010 2640; baseline 0.001 -19"><span class='ocrx_word' id='word_1_248' title='bbox 53 2502 170 2621; x_wconf 75' lang='lat' dir='ltr'><strong>doloris</strong></span> <span class='ocrx_word' id='word_1_249' title='bbox 183 2562 340 2640; x_wconf 80' lang='lat' dir='ltr'><strong>mitigandi</strong></span> <span class='ocrx_word' id='word_1_250' title='bbox 355 2564 452 2632; x_wconf 74' lang='lat' dir='ltr'><strong>canet,</strong></span> <span class='ocrx_word' id='word_1_251' title='bbox 466 2561 554 2620; x_wconf 75' lang='lat' dir='ltr'><strong>facile</strong></span> <span class='ocrx_word' id='word_1_252' title='bbox 562 2562 628 2621; x_wconf 86' lang='lat' dir='ltr'><strong>fieri</strong></span> <span class='ocrx_word' id='word_1_253' title='bbox 643 2571 752 2640; x_wconf 83' lang='lat' dir='ltr'><strong>potest,</strong></span> <span class='ocrx_word' id='word_1_254' title='bbox 767 2571 869 2619; x_wconf 90' lang='lat' dir='ltr'><strong>utnon</strong></span> <span class='ocrx_word' id='word_1_255' title='bbox 881 2562 920 2620; x_wconf 87' lang='lat' dir='ltr'><strong>sit</strong></span> <span class='ocrx_word' id='word_1_256' title='bbox 931 2582 1010 2622; x_wconf 92' lang='lat' dir='ltr'><strong>mor·</strong></span> 
     </span>
     <span class='ocr_line' id='line_1_32' title="bbox 10 2640 1010 2778; baseline 0.001 -77"><span class='ocrx_word' id='word_1_257' title='bbox 10 2666 14 2719; x_wconf 68' lang='grc' dir='ltr'><strong>μ</strong></span> <span class='ocrx_word' id='word_1_258' title='bbox 54 2641 133 2701; x_wconf 85' lang='lat' dir='ltr'><strong>tale:</strong></span> <span class='ocrx_word' id='word_1_259' title='bbox 144 2642 185 2778; x_wconf 63' lang='lat' dir='ltr'><strong>&amp;a</strong></span> <span class='ocrx_word' id='word_1_260' title='bbox 200 2642 242 2700; x_wconf 87' lang='lat' dir='ltr'><strong>sic</strong></span> <span class='ocrx_word' id='word_1_261' title='bbox 255 2661 333 2721; x_wconf 82' lang='lat' dir='ltr'><strong>saepe</strong></span> <span class='ocrx_word' id='word_1_262' title='bbox 347 2660 419 2702; x_wconf 82' lang='lat' dir='ltr'><strong>vera</strong></span> <span class='ocrx_word' id='word_1_263' title='bbox 431 2651 478 2703; x_wconf 89' lang='lat' dir='ltr'><strong>est</strong></span> <span class='ocrx_word' id='word_1_264' title='bbox 491 2642 617 2701; x_wconf 91' lang='lat' dir='ltr'><strong>aliorum</strong></span> <span class='ocrx_word' id='word_1_265' title='bbox 631 2640 788 2712; x_wconf 86' lang='lat' dir='ltr'><strong>sententia,</strong></span> <span class='ocrx_word' id='word_1_266' title='bbox 802 2660 910 2719; x_wconf 84' lang='lat' dir='ltr'><strong>nempe</strong></span> <span class='ocrx_word' id='word_1_267' title='bbox 926 2642 1010 2722; x_wconf 82' lang='lat' dir='ltr'><strong>Caje·</strong></span> 
     </span>
     <span class='ocr_line' id='line_1_33' title="bbox 56 2720 197 2790; baseline -0.014 -10"><span class='ocrx_word' id='word_1_268' title='bbox 56 2720 128 2790; x_wconf 87' lang='lat' dir='ltr'><strong>tani,</strong></span> <span class='ocrx_word' id='word_1_269' title='bbox 173 2741 197 2779; x_wconf 85' lang='lat' dir='ltr'><strong>c.</strong></span> 
     </span>
    </p>

    <p class='ocr_par' dir='ltr' id='par_1_12' title="bbox 55 2799 1013 3110">
     <span class='ocr_line' id='line_1_34' title="bbox 93 2799 1009 2880; baseline 0 -21"><span class='ocrx_word' id='word_1_270' title='bbox 93 2799 147 2859; x_wconf 89' lang='lat' dir='ltr'><strong>An</strong></span> <span class='ocrx_word' id='word_1_271' title='bbox 161 2802 188 2859; x_wconf 79' lang='lat' dir='ltr'><strong>a</strong></span> <span class='ocrx_word' id='word_1_272' title='bbox 202 2800 351 2878; x_wconf 88' lang='lat' dir='ltr'><strong>quomodo</strong></span> <span class='ocrx_word' id='word_1_273' title='bbox 362 2810 465 2880; x_wconf 90' lang='lat' dir='ltr'><strong>peccat</strong></span> <span class='ocrx_word' id='word_1_274' title='bbox 478 2799 538 2870; x_wconf 89' lang='lat' dir='ltr'><strong>ille,</strong></span> <span class='ocrx_word' id='word_1_275' title='bbox 553 2800 604 2878; x_wconf 91' lang='lat' dir='ltr'><strong>qui</strong></span> <span class='ocrx_word' id='word_1_276' title='bbox 618 2800 733 2860; x_wconf 86' lang='lat' dir='ltr'><strong>revelat</strong></span> <span class='ocrx_word' id='word_1_277' title='bbox 747 2800 856 2858; x_wconf 80' lang='lat' dir='ltr'><strong>crimen</strong></span> <span class='ocrx_word' id='word_1_278' title='bbox 868 2802 1009 2877; x_wconf 84' lang='lat' dir='ltr'><strong>proximi,</strong></span> 
     </span>
     <span class='ocr_line' id='line_1_35' title="bbox 55 2879 1010 2959; baseline 0.001 -20"><span class='ocrx_word' id='word_1_279' title='bbox 55 2899 115 2940; x_wconf 92' lang='lat' dir='ltr'><strong>non</strong></span> <span class='ocrx_word' id='word_1_280' title='bbox 129 2880 284 2947; x_wconf 71' lang='lat' dir='ltr'><strong>assertive,</strong></span> <span class='ocrx_word' id='word_1_281' title='bbox 305 2881 359 2939; x_wconf 86' lang='lat' dir='ltr'><strong>sed</strong></span> <span class='ocrx_word' id='word_1_282' title='bbox 382 2891 522 2959; x_wconf 89' lang='lat' dir='ltr'><strong>tanquam</strong></span> <span class='ocrx_word' id='word_1_283' title='bbox 538 2880 650 2939; x_wconf 89' lang='lat' dir='ltr'><strong>dictum</strong></span> <span class='ocrx_word' id='word_1_284' title='bbox 672 2879 709 2940; x_wconf 87' lang='lat' dir='ltr'><strong>ab</strong></span> <span class='ocrx_word' id='word_1_285' title='bbox 722 2879 814 2939; x_wconf 84' lang='lat' dir='ltr'><strong>aliis?</strong></span> <span class='ocrx_word' id='word_1_286' title='bbox 850 2880 941 2938; x_wconf 81' lang='lat' dir='ltr'><strong>Casus</strong></span> <span class='ocrx_word' id='word_1_287' title='bbox 951 2881 1010 2941; x_wconf 86' lang='lat' dir='ltr'><strong>fre·</strong></span> 
     </span>
     <span class='ocr_line' id='line_1_36' title="bbox 56 2959 1013 3039; baseline 0.002 -20"><span class='ocrx_word' id='word_1_288' title='bbox 56 2978 151 3039; x_wconf 84' lang='lat' dir='ltr'><strong>quem</strong></span> <span class='ocrx_word' id='word_1_289' title='bbox 165 2967 231 3028; x_wconf 86' lang='lat' dir='ltr'><strong>est;</strong></span> <span class='ocrx_word' id='word_1_290' title='bbox 250 2960 347 3018; x_wconf 86' lang='lat' dir='ltr'><strong>fertur</strong></span> <span class='ocrx_word' id='word_1_291' title='bbox 371 2980 424 3018; x_wconf 83' lang='lat' dir='ltr'><strong>ren</strong></span> <span class='ocrx_word' id='word_1_292' title='bbox 438 2961 538 3019; x_wconf 87' lang='lat' dir='ltr'><strong>audivi</strong></span> <span class='ocrx_word' id='word_1_293' title='bbox 562 2959 635 3018; x_wconf 88' lang='lat' dir='ltr'><strong>illud</strong></span> <span class='ocrx_word' id='word_1_294' title='bbox 660 2959 772 3019; x_wconf 88' lang='lat' dir='ltr'><strong>detali</strong></span> <span class='ocrx_word' id='word_1_295' title='bbox 797 2959 925 3031; x_wconf 88' lang='lat' dir='ltr'><strong>homine,</strong></span> <span class='ocrx_word' id='word_1_296' title='bbox 949 2981 1013 3021; x_wconf 91' lang='lat' dir='ltr'><strong>non</strong></span> 
     </span>
     <span class='ocr_line' id='line_1_37' title="bbox 56 3040 495 3110; baseline 0 -12"><span class='ocrx_word' id='word_1_297' title='bbox 56 3040 181 3110; x_wconf 82' lang='lat' dir='ltr'><strong>adirmo,</strong></span> <span class='ocrx_word' id='word_1_298' title='bbox 191 3058 246 3098; x_wconf 90' lang='lat' dir='ltr'><strong>nec</strong></span> <span class='ocrx_word' id='word_1_299' title='bbox 260 3040 350 3098; x_wconf 88' lang='lat' dir='ltr'><strong>credo</strong></span> <span class='ocrx_word' id='word_1_300' title='bbox 364 3041 407 3098; x_wconf 88' lang='lat' dir='ltr'><strong>sic</strong></span> <span class='ocrx_word' id='word_1_301' title='bbox 420 3060 495 3100; x_wconf 81' lang='lat' dir='ltr'><strong>esee.</strong></span> 
     </span>
    </p>

    <p class='ocr_par' dir='ltr' id='par_1_13' title="bbox 55 3117 1014 3581">
     <span class='ocr_line' id='line_1_38' title="bbox 94 3117 1011 3196; baseline -0.001 -15"><span class='ocrx_word' id='word_1_302' title='bbox 94 3119 155 3181; x_wconf 83' lang='lat' dir='ltr'><strong>vl.</strong></span> <span class='ocrx_word' id='word_1_303' title='bbox 176 3120 215 3179; x_wconf 91' lang='lat' dir='ltr'><strong>R.</strong></span> <span class='ocrx_word' id='word_1_304' title='bbox 235 3119 293 3178; x_wconf 84' lang='lat' dir='ltr'><strong>Est</strong></span> <span class='ocrx_word' id='word_1_305' title='bbox 303 3119 408 3178; x_wconf 86' lang='lat' dir='ltr'><strong>modus</strong></span> <span class='ocrx_word' id='word_1_306' title='bbox 419 3119 537 3188; x_wconf 77' lang='lat' dir='ltr'><strong>blande,</strong></span> <span class='ocrx_word' id='word_1_307' title='bbox 548 3119 601 3177; x_wconf 90' lang='lat' dir='ltr'><strong>sed</strong></span> <span class='ocrx_word' id='word_1_308' title='bbox 612 3117 702 3196; x_wconf 89' lang='lat' dir='ltr'><strong>impie</strong></span> <span class='ocrx_word' id='word_1_309' title='bbox 714 3117 944 3191; x_wconf 87' lang='lat' dir='ltr'><strong>detrahentium,</strong></span> <span class='ocrx_word' id='word_1_310' title='bbox 956 3139 1011 3180; x_wconf 92' lang='lat' dir='ltr'><strong>nec</strong></span> 
     </span>
     <span class='ocr_line' id='line_1_39' title="bbox 55 3197 1013 3281; baseline 0.002 -24"><span class='ocrx_word' id='word_1_311' title='bbox 55 3197 117 3257; x_wconf 93' lang='lat' dir='ltr'><strong>ullo</strong></span> <span class='ocrx_word' id='word_1_312' title='bbox 131 3198 222 3257; x_wconf 88' lang='lat' dir='ltr'><strong>titulo</strong></span> <span class='ocrx_word' id='word_1_313' title='bbox 236 3199 432 3258; x_wconf 84' lang='lat' dir='ltr'><strong>excusabilis:</strong></span> <span class='ocrx_word' id='word_1_314' title='bbox 447 3199 526 3281; x_wconf 83' lang='lat' dir='ltr'><strong>qudd</strong></span> <span class='ocrx_word' id='word_1_315' title='bbox 548 3199 573 3256; x_wconf 88' lang='lat' dir='ltr'><strong>si</strong></span> <span class='ocrx_word' id='word_1_316' title='bbox 588 3199 617 3256; x_wconf 93' lang='lat' dir='ltr'><strong>in</strong></span> <span class='ocrx_word' id='word_1_317' title='bbox 632 3199 732 3279; x_wconf 86' lang='lat' dir='ltr'><strong>aliquo</strong></span> <span class='ocrx_word' id='word_1_318' title='bbox 756 3198 928 3276; x_wconf 79' lang='lat' dir='ltr'><strong>particulari</strong></span> <span class='ocrx_word' id='word_1_319' title='bbox 942 3220 1013 3259; x_wconf 85' lang='lat' dir='ltr'><strong>casu</strong></span> 
     </span>
     <span class='ocr_line' id='line_1_40' title="bbox 57 3277 1014 3357; baseline 0.002 -20"><span class='ocrx_word' id='word_1_320' title='bbox 57 3278 212 3337; x_wconf 78' lang='lat' dir='ltr'><strong>auditores</strong></span> <span class='ocrx_word' id='word_1_321' title='bbox 226 3278 281 3337; x_wconf 74' lang='lat' dir='ltr'><strong>hac</strong></span> <span class='ocrx_word' id='word_1_322' title='bbox 295 3278 432 3357; x_wconf 73' lang='lat' dir='ltr'><strong>speciosa</strong></span> <span class='ocrx_word' id='word_1_323' title='bbox 443 3277 621 3357; x_wconf 82' lang='lat' dir='ltr'><strong>garrulitate</strong></span> <span class='ocrx_word' id='word_1_324' title='bbox 634 3298 693 3336; x_wconf 93' lang='lat' dir='ltr'><strong>uon</strong></span> <span class='ocrx_word' id='word_1_325' title='bbox 719 3277 937 3355; x_wconf 87' lang='lat' dir='ltr'><strong>praevideantur</strong></span> <span class='ocrx_word' id='word_1_326' title='bbox 950 3298 1014 3339; x_wconf 88' lang='lat' dir='ltr'><strong>mo·</strong></span> 
     </span>
     <span class='ocr_line' id='line_1_41' title="bbox 56 3356 1014 3436; baseline 0.001 -20"><span class='ocrx_word' id='word_1_327' title='bbox 56 3357 149 3418; x_wconf 80' lang='lat' dir='ltr'><strong>vendi</strong></span> <span class='ocrx_word' id='word_1_328' title='bbox 163 3357 202 3417; x_wconf 87' lang='lat' dir='ltr'><strong>ad</strong></span> <span class='ocrx_word' id='word_1_329' title='bbox 215 3357 336 3436; x_wconf 89' lang='lat' dir='ltr'><strong>aliquod</strong></span> <span class='ocrx_word' id='word_1_330' title='bbox 347 3358 456 3417; x_wconf 90' lang='lat' dir='ltr'><strong>malum</strong></span> <span class='ocrx_word' id='word_1_331' title='bbox 465 3356 646 3417; x_wconf 86' lang='lat' dir='ltr'><strong>credendum</strong></span> <span class='ocrx_word' id='word_1_332' title='bbox 658 3357 705 3416; x_wconf 88' lang='lat' dir='ltr'><strong>vel</strong></span> <span class='ocrx_word' id='word_1_333' title='bbox 716 3357 932 3435; x_wconf 83' lang='lat' dir='ltr'><strong>auspicandum,</strong></span> <span class='ocrx_word' id='word_1_334' title='bbox 947 3357 1014 3417; x_wconf 82' lang='lat' dir='ltr'><strong>ficri</strong></span> 
     </span>
     <span class='ocr_line' id='line_1_42' title="bbox 57 3437 1014 3515; baseline 0.001 -19"><span class='ocrx_word' id='word_1_335' title='bbox 57 3447 169 3515; x_wconf 79' lang='lat' dir='ltr'><strong>potest,</strong></span> <span class='ocrx_word' id='word_1_336' title='bbox 184 3438 236 3496; x_wconf 89' lang='lat' dir='ltr'><strong>sed</strong></span> <span class='ocrx_word' id='word_1_337' title='bbox 250 3439 329 3509; x_wconf 81' lang='lat' dir='ltr'><strong>rard,</strong></span> <span class='ocrx_word' id='word_1_338' title='bbox 343 3449 377 3496; x_wconf 89' lang='lat' dir='ltr'><strong>ut</strong></span> <span class='ocrx_word' id='word_1_339' title='bbox 388 3439 455 3498; x_wconf 85' lang='lat' dir='ltr'><strong>talis</strong></span> <span class='ocrx_word' id='word_1_340' title='bbox 469 3438 575 3497; x_wconf 82' lang='lat' dir='ltr'><strong>modus</strong></span> <span class='ocrx_word' id='word_1_341' title='bbox 589 3457 648 3496; x_wconf 90' lang='lat' dir='ltr'><strong>non</strong></span> <span class='ocrx_word' id='word_1_342' title='bbox 663 3437 702 3496; x_wconf 82' lang='lat' dir='ltr'><strong>sit</strong></span> <span class='ocrx_word' id='word_1_343' title='bbox 715 3447 877 3515; x_wconf 89' lang='lat' dir='ltr'><strong>peccatum,</strong></span> <span class='ocrx_word' id='word_1_344' title='bbox 892 3438 940 3496; x_wconf 84' lang='lat' dir='ltr'><strong>vel</strong></span> <span class='ocrx_word' id='word_1_345' title='bbox 949 3447 1014 3498; x_wconf 88' lang='lat' dir='ltr'><strong>tan·</strong></span> 
     </span>
     <span class='ocr_line' id='line_1_43' title="bbox 57 3516 797 3581; baseline 0.009 -7"><span class='ocrx_word' id='word_1_346' title='bbox 57 3516 125 3579; x_wconf 82' lang='lat' dir='ltr'><strong>tdm</strong></span> <span class='ocrx_word' id='word_1_347' title='bbox 135 3519 177 3576; x_wconf 89' lang='lat' dir='ltr'><strong>sit</strong></span> <span class='ocrx_word' id='word_1_348' title='bbox 191 3518 317 3576; x_wconf 84' lang='lat' dir='ltr'><strong>veniale.</strong></span> <span class='ocrx_word' id='word_1_349' title='bbox 794 3574 797 3581; x_wconf 81' lang='grc'>,</span> 
     </span>
    </p>

    <p class='ocr_par' dir='ltr' id='par_1_14' title="bbox 99 3594 1015 3678">
     <span class='ocr_line' id='line_1_44' title="bbox 99 3594 1015 3678; baseline -0.001 -20"><span class='ocrx_word' id='word_1_350' title='bbox 99 3597 177 3659; x_wconf 84' lang='lat' dir='ltr'><strong>Vll.</strong></span> <span class='ocrx_word' id='word_1_351' title='bbox 199 3596 332 3670; x_wconf 80' lang='lat' dir='ltr'><strong>Quartus</strong></span> <span class='ocrx_word' id='word_1_352' title='bbox 355 3597 462 3656; x_wconf 89' lang='lat' dir='ltr'><strong>modas</strong></span> <span class='ocrx_word' id='word_1_353' title='bbox 485 3607 532 3657; x_wconf 86' lang='lat' dir='ltr'><strong>est</strong></span> <span class='ocrx_word' id='word_1_354' title='bbox 554 3596 614 3655; x_wconf 88' lang='lat' dir='ltr'><strong>“in</strong></span> <span class='ocrx_word' id='word_1_355' title='bbox 628 3597 707 3656; x_wconf 89' lang='lat' dir='ltr'><strong>mala</strong></span> <span class='ocrx_word' id='word_1_356' title='bbox 720 3596 866 3668; x_wconf 80' lang='lat' dir='ltr'><strong>vertens,’&#39;</strong></span> <span class='ocrx_word' id='word_1_357' title='bbox 887 3594 967 3678; x_wconf 91' lang='lat' dir='ltr'><strong>qnod</strong></span> <span class='ocrx_word' id='word_1_358' title='bbox 980 3596 1015 3657; x_wconf 83' lang='lat' dir='ltr'><strong>fit</strong></span> 
     </span>
    </p>
   </div>
   <div class='ocr_carea' id='block_1_3' title="bbox 58 3676 1024 3824">
    <p class='ocr_par' dir='ltr' id='par_1_15' title="bbox 58 3676 1024 3824">
     <span class='ocr_line' id='line_1_45' title="bbox 58 3676 1024 3824; baseline 0.003 -88"><span class='ocrx_word' id='word_1_359' title='bbox 58 3677 210 3738; x_wconf 74' lang='lat' dir='ltr'><strong>armando</strong></span> <span class='ocrx_word' id='word_1_360' title='bbox 223 3696 288 3738; x_wconf 90' lang='lat' dir='ltr'><strong>rem</strong></span> <span class='ocrx_word' id='word_1_361' title='bbox 309 3696 411 3738; x_wconf 82' lang='lat' dir='ltr'><strong>reram</strong></span> <span class='ocrx_word' id='word_1_362' title='bbox 425 3686 582 3824; x_wconf 55' lang='lat' dir='ltr'><strong>tananpm3</strong></span> <span class='ocrx_word' id='word_1_363' title='bbox 590 3676 708 3750; x_wconf 87' lang='lat' dir='ltr'><strong>malam,</strong></span> <span class='ocrx_word' id='word_1_364' title='bbox 735 3676 802 3737; x_wconf 84' lang='lat' dir='ltr'><strong>cdm</strong></span> <span class='ocrx_word' id='word_1_365' title='bbox 826 3686 924 3739; x_wconf 89' lang='lat' dir='ltr'><strong>tamen</strong></span> <span class='ocrx_word' id='word_1_366' title='bbox 938 3676 1024 3800; x_wconf 69' lang='lat' dir='ltr'><strong>mal,</strong></span> 
     </span>
    </p>
   </div>
   <div class='ocr_carea' id='block_1_4' title="bbox 0 0 1094 4034">
    <p class='ocr_par' dir='ltr' id='par_1_16' title="bbox 0 0 1094 4034">
     <span class='ocr_line' id='line_1_46' title="bbox 0 0 1094 4034; baseline 0 0"><span class='ocrx_word' id='word_1_367' title='bbox 0 0 1094 4034; x_wconf 95' lang='lat' dir='ltr'><strong> </strong></span> 
     </span>
    </p>
   </div>
  </div>
 </body>
</html>
