2160 4034
329 175 374 219 na
392 175 477 221 oona
494 176 536 220 ur
555 175 708 221 ousmroa.
960 162 1000 221 59

57 276 286 354 occupationem,
306 298 425 359 semper
444 281 582 362 equidem
593 280 718 360 exigere
727 287 828 358 potest
838 279 1002 361 restitutio·

57 373 110 413 uem
122 357 155 413 iu
167 356 333 436 integrum.

81 435 246 507 Quantum
261 448 414 516 peccatum
428 448 475 498 est
488 438 660 516 injustitia?

78 513 119 572 R.
135 515 199 574 Est
210 537 370 595 exgenere
381 528 532 596 peccatum
542 516 677 576 mortale.
699 518 804 576 Potest
813 537 877 577 esse
886 517 1000 577 veniale

51 592 70 648 io
85 594 184 653 rebus
209 597 339 674 exiguis,
363 597 410 656 vel
424 595 475 655 ubi
490 597 636 655 Dominus
658 595 749 655 scitur
762 617 820 654 non
831 597 1003 656 notabiliter

49 671 165 742 invitus,
192 676 245 735 vel
268 676 406 735 damnum
428 674 465 735 ob
489 675 687 753 ignorantiam
710 674 862 735 autaliter
882 696 940 736 nou
955 686 1001 736 est

49 749 127 827 olene
144 752 363 813 voluntarium.

223 966 226 971 .
252 913 293 973 N.
313 915 361 972 38.
401 913 462 972 DE
482 911 822 974 RESTITUTIONE.

365 1032 400 1092 S.
426 1032 523 1092 toea
542 1042 639 1110 poert.
658 1035 707 1091 62.

49 1129 66 1188 l.
83 1128 440 1206 Definitiorcoto'trtrbnio.
483 1131 526 1191 ΙΙ.
545 1131 730 1209 Eoplicctur.
771 1129 831 1189 ΙΙΙ.
850 1131 999 1212 Differtd

271 1211 416 1270 solutione.
458 1210 514 1272 lv.
535 1210 785 1289 Etsonofactobne.

83 1308 168 1382 QUI
173 1309 206 1367 D
217 1320 264 1369 est
275 1310 450 1370 restitutio?

84 1387 112 1446 Ι.
135 1388 178 1448 R„
201 1388 259 1447 &t
273 1398 355 1448 actus
374 1390 500 1468 justitia
521 1391 748 1459 commutativae,
771 1407 830 1466 quo
844 1408 891 1448 res
905 1389 1002 1449 ablata

49 1465 199 1536 redditur,
213 1469 263 1527 vel
278 1468 415 1527 damnum
430 1469 544 1527 illatum
560 1476 724 1546 reparatur.

84 1544 129 1604 ll.
145 1546 520 1627 Dicitur“actusjustitioa
530 1546 769 1620 commutativa;''
783 1547 900 1625 quiaex
909 1548 1002 1607 viola·

49 1625 456 1705 tionecharitatis,religionis
464 1637 516 1686 aut
524 1627 732 1707 cujuscumque
741 1626 862 1684 alterius
871 1627 1001 1698 virtutis,

49 1704 135 1763 otiam
152 1724 197 1764 ex
209 1705 372 1764 violatione
381 1706 471 1764 solius
480 1704 608 1784 justitiae
620 1705 817 1765 distributiva
826 1715 878 1764 aut
887 1705 1002 1784 legalis,

49 1783 104 1841 nisi
128 1783 223 1843 simul
245 1786 455 1844 commutetiva
472 1794 637 1855 concurrat,
661 1804 720 1843 non
740 1784 835 1843 oritur
859 1783 1001 1863 obligatio

50 1862 263 1934 restitutionis,
284 1875 318 1923 ut
331 1865 442 1923 dictum
456 1874 502 1924 est
516 1864 606 1923 Num.
620 1867 649 1923 d.

86 1942 194 2016 “Quo
208 1963 258 2003 res
271 1943 370 2002 ablata
383 1944 528 2015 redditur,
542 1943 592 2003 vel
605 1943 743 2002 damnum
755 1942 870 2003 illatum
884 1962 1002 2022 repara·

54 2029 125 2080 “tur
134 2021 162 2090 ;''
186 2042 256 2080 nam
267 2023 419 2082 restitutio
430 2033 566 2082 versatur
580 2023 657 2081 circa
670 2041 718 2082 res
733 2021 851 2090 alienas,
867 2042 939 2100 quas
953 2022 1004 2082 ab·

54 2100 199 2172 stulimus,
211 2112 265 2160 aut
276 2103 387 2161 ablatas
401 2103 480 2181 apud
491 2108 547 2161 ‘roos
561 2102 712 2174 habemus,
727 2110 779 2160 aut
789 2101 892 2160 saltem
901 2103 927 2159 si
938 2102 1002 2162 illas

56 2178 131 2239 uobis
146 2200 210 2239 non
227 2182 455 2259 appropriando,
470 2181 685 2240 damnificando
699 2192 803 2240 tamen
820 2191 872 2240 ant
885 2180 1001 2241 destru-

56 2259 134 2328 endo,
148 2261 286 2319 Domino
301 2261 510 2320 subtraximus.
767 2334 773 2342 ἢ

85 2339 255 2413 Quomodo
270 2341 421 2399 restitutio
435 2340 536 2400 differt
550 2341 568 2399 a
581 2339 752 2401 solutione?

84 2416 147 2478 111.
170 2419 214 2477 R.
237 2420 446 2492 Quddsolutio
460 2420 600 2497 postulet,
615 2431 649 2479 ut
663 2441 723 2490 res,
738 2441 803 2502 quaa
814 2418 949 2488 solvitur,
964 2421 1003 2479 sit

58 2496 167 2557 diversa
181 2499 201 2556 ia
217 2519 260 2569 re,
281 2518 336 2577 pro
357 2519 414 2577 que
438 2499 583 2568 solvitur;
602 2501 755 2559 restitutio
781 2511 879 2559 autem
903 2499 1003 2577 potitis

57 2577 190 2653 postulat,
209 2590 244 2636 ut
253 2598 300 2637 res
309 2579 349 2637 sit
362 2579 475 2649 eedem,
485 2578 627 2656 qnantdnr
638 2579 704 2637 fieri
713 2589 823 2657 potest,
838 2567 890 2636 aiut
900 2576 1003 2636 saltem

54 2656 74 2713 in
86 2656 297 2737 equivalenti.

81 2737 133 2794 2⁰.
156 2735 195 2795 In
209 2736 358 2795 solutione
368 2757 426 2796 non
436 2740 479 2797 ita
491 2737 649 2815 respicitur
658 2736 694 2794 ad
706 2736 835 2795 valorem
847 2735 900 2803 rei,
912 2737 1000 2814 quam

51 2813 80 2872 cd
100 2816 340 2874 conventionem
363 2817 485 2875 initam:
507 2817 536 2873 in
557 2816 748 2874 restitutione
768 2815 935 2874 attenditur
961 2815 999 2873 ad

49 2893 179 2952 ociorem
197 2895 253 2964 rei,
269 2896 314 2952 cui
327 2896 439 2972 aequale
449 2895 534 2953 reddi
549 2894 646 2963 debet,

81 2972 142 3033 IV.
166 2974 343 3032 Satisfactio
358 2975 476 3033 videtur
490 2973 579 3032 lutilos
593 2985 705 3052 patere,
727 2972 817 3032 &sub
828 2992 859 3031 se
869 2991 1002 3051 compre·

49 3051 151 3110 tendit
172 3063 238 3110 tam
261 3053 447 3123 solutionem,
475 3055 563 3131 quiam
591 3052 821 3111 restitutionem.
863 3052 1002 3113 Strictiols

49 3141 167 3207 sumpta
178 3132 467 3210 respicitpersonam
478 3132 629 3201 offensem,
644 3142 749 3208 estque
763 3132 912 3209 reparatio
926 3130 1002 3208 inju-

49 3212 95 3268 rioe
110 3211 227 3268 honori
250 3221 300 3269 aut
314 3211 452 3289 dignitati
467 3211 565 3282 illata,
580 3232 635 3289 per
649 3211 892 3279 humiliationem,
906 3211 999 3270 veniae

49 3289 239 3367 petitionem,
255 3292 306 3347 &a

83 3369 159 3442 Quo
176 3369 299 3428 nomine
314 3369 488 3446 appellanda
501 3379 547 3428 est
567 3370 690 3428 traditio
704 3370 748 3426 rei
764 3367 872 3427 debitae
883 3387 921 3425 ex
935 3385 1003 3425 con-

49 3449 171 3506 tractu?

84 3526 125 3584 R.
149 3525 187 3585 si
196 3545 245 3584 res
253 3546 308 3604 pro
319 3547 352 3585 re
362 3526 497 3597 traditur,
509 3528 567 3586 erit
581 3536 599 3565 “
610 3527 789 3605 permutatio
800 3525 823 3595 ;''
837 3525 862 3582 si
873 3525 1002 3601 pretium

49 3623 101 3681 pro
112 3605 268 3675 mercede,
288 3607 345 3664 erit
360 3615 378 3643 “
390 3606 498 3665 solutio
510 3607 534 3674 ;”
548 3606 573 3664 si
586 3618 685 3664 autem
708 3606 799 3664 dilata
813 3605 853 3662 sit
872 3603 1004 3662 redditio

50 3684 190 3761 depositi,
204 3684 393 3754 commodati,
408 3688 459 3744 &a
473 3685 515 3743 ita
527 3696 562 3743 ut
576 3685 694 3746 debitor
709 3686 747 3744 sit
762 3686 791 3741 in
806 3701 891 3741 mora
904 3683 1003 3760 culpa·

49 3760 104 3836 bili,
119 3763 235 3823 meriti>
248 3762 401 3824 vocabitur
415 3774 433 3804 “
442 3763 624 3826 restitutio.'‘
