2160 4034
60 147 121 205 258
459 163 648 210 renerum
684 155 688 163 ’

103 268 143 328 R.
165 266 197 328 si
211 276 282 327 tuno
295 266 414 327 adulto
426 286 486 329 non
501 270 676 340 consentiat,
690 268 744 332 ted
757 267 893 333 e'eonttn
904 269 999 331 dhone

63 347 133 406 deut
146 356 178 405 et
191 347 348 418 renitetur,
361 347 483 407 videtur
495 348 561 426 ipen
573 348 638 409 solo
651 349 746 411 teneri
761 349 799 411 (le
812 349 932 411 damnis
943 371 999 429 pro

64 427 170 495 diotis;
191 426 261 510 quie
275 427 338 485 sola
350 427 611 509 videturipeorom
625 448 713 489 oense
725 427 847 507 injuste

104 506 238 581 Quid,'ei
251 505 373 565 dubium
388 507 437 578 eit,
451 526 489 567 un
503 508 687 586 prolesnata
699 509 740 568 sit
753 528 792 569 ex
805 507 965 580 adulterio,
976 529 999 568 or

61 589 196 726 nobili·
211 665 250 724 lt.
264 664 655 735 ConveniuntAutbores,ei
663 630 999 744 prolennorulitereertr

63 765 122 805 non
138 745 177 804 sit
190 744 300 815 meriti,
315 743 367 823 sed
381 755 496 803 tontum
512 745 633 805 dubium
649 747 698 816 eit,
711 747 812 809 unnim
827 749 868 809 nit
882 758 923 806 ex
937 745 999 809 adut

63 827 141 884 terio
157 823 251 892 Petri,
273 844 310 881 nn
325 843 364 883 ex
377 823 527 883 adulterio
541 825 638 897 Pauli,
661 825 773 885 debere
783 827 852 890 illot
865 825 999 889 edultum

63 906 142 964 inter
160 923 192 961 ee
205 903 244 961 erl
258 913 354 965 retem
367 901 451 962 dubii
464 903 579 982 prolem
589 904 680 976 olere,
694 915 727 967 et
737 907 838 967 omnio
848 905 959 967 domnia
969 924 997 967 re

59 1002 166 1064 perure
176 1003 242 1041 eom
257 983 322 1060 ipse
334 982 478 1042 adultera.

103 1065 134 1125 Si
146 1074 245 1121 autem
257 1061 378 1121 dubium
393 1063 441 1132 sit,
452 1082 489 1120 un
503 1063 603 1141 proles
612 1065 652 1124 sit
660 1084 698 1123 ex
709 1064 815 1141 copula
825 1063 969 1142 legitime,
977 1084 999 1123 ιι

63 1164 102 1203 ex
116 1141 221 1221 copule
232 1141 410 1211 adulterino,
431 1143 595 1202 eommunis
615 1144 826 1203 modernorum
841 1143 999 1205 Autbormr

63 1225 212 1283 sententie
224 1231 281 1291 ert,
303 1221 472 1280 adulterum
487 1222 583 1282 teneri
597 1242 653 1301 pro
666 1234 732 1283 rete
745 1222 829 1283 dubii
840 1223 881 1282 ad
896 1221 999 1285 elimet

61 1303 183 1363 taudem
205 1300 321 1380 prolem
344 1310 375 1360 et
392 1299 452 1359 altr
465 1300 572 1360 dumne
594 1302 800 1370 resarciende3
822 1303 912 1380 plone
934 1304 999 1363 enin

61 1383 195 1464 iniquom
217 1380 346 1451 videtur,
371 1379 397 1439 ei
411 1380 536 1440 meritur
558 1382 700 1443 innocens
713 1393 811 1443 totum
824 1402 902 1441 onus
915 1380 999 1443 rubin

63 1461 195 1531 deberet,
218 1470 248 1519 et
262 1458 380 1519 adulter
392 1479 471 1530 reue,
494 1460 547 1541 qni
560 1463 703 1542 eeqnalem
717 1480 834 1521 oensem
848 1460 999 1545 poenitui

62 1542 141 1600 omni
156 1559 247 1600 onere
259 1539 414 1599 liberetur.
468 1572 470 1577 .
968 1600 972 1605 ,

102 1621 233 1689 bessiae,
249 1619 394 1689 Herinox,
405 1616 550 1697 Wipgers
561 1619 669 1700 aliique
678 1619 848 1680 insistentes
860 1619 999 1699 prinoipiit

60 1698 265 1778 probabiliemi
278 1699 491 1770 sustinuerunt,
516 1698 684 1759 adulterum
698 1700 729 1761 in
743 1719 813 1761 casu
826 1699 866 1761 ad
880 1699 955 1760 nibil
966 1708 999 1758 te

60 1779 135 1838 neri.
176 1779 322 1838 Rationes
332 1797 437 1838 eorum
445 1787 533 1838 eunt:
549 1781 595 1837 10.
617 1778 708 1852 Quod
717 1779 747 1837 in
758 1778 964 1841 dubiomelier
973 1778 999 1841 tlt

62 1859 193 1918 eonditio
221 1856 409 1935 possidentis.
443 1860 491 1917 2⁰.
512 1857 600 1932 Quod
624 1877 713 1919 nemo
740 1868 879 1920 teneatur
902 1857 999 1940 aliquid

63 1937 179 1996 solvere
193 1947 224 1995 et
247 1955 279 1994 se
293 1935 423 2012 spoliare
441 1955 476 1996 re
490 1937 552 2006 eni,
579 1937 638 1997 nini
659 1937 689 1999 ei
712 1947 829 2000 rorstet
841 1956 875 1999 ee
894 1937 999 1999 debere

62 2018 111 2074 30.
134 2016 213 2089 Quia
226 2013 325 2092 proles
348 2016 381 2072 iu
394 2014 486 2075 dubio
509 2027 610 2097 potest
624 2035 656 2077 te
677 2027 817 2095 reputare
837 2016 999 2095 legitimum,

62 2095 156 2154 donec
179 2094 323 2172 probetur
346 2093 466 2171 spuriae
487 2114 559 2172 ergo
581 2097 672 2155 etiem
696 2097 814 2159 adulter
833 2105 935 2174 potest
948 2115 999 2159 ean

61 2184 201 2253 reputare
215 2173 389 2250 legitimam,
413 2182 445 2233 et
457 2185 674 2253 consequenter
687 2176 763 2237 nihil
776 2176 876 2237 debet.

100 2254 141 2312 R.
160 2252 212 2311 Ad
230 2255 255 2311 1.
269 2270 443 2330 responsum
457 2263 505 2313 eet
517 2253 609 2314 Num.
623 2257 673 2315 28.

101 2332 152 2392 Ad
162 2335 189 2390 2.
203 2328 322 2401 dieitur,
342 2331 449 2409 majori
466 2333 536 2411 jure
550 2334 689 2392 maritum
703 2352 849 2412 reponere
864 2350 960 2411 posse,
977 2352 999 2395 ot

60 2432 121 2473 non
134 2411 232 2472 teneri
245 2410 282 2470 ed
296 2411 548 2474 ulimeotetionem
562 2413 664 2492 prolis,
676 2415 747 2493 quio
760 2414 901 2478 innoeene
912 2423 967 2486 est,
979 2422 999 2472 et

61 2512 121 2553 non
135 2502 251 2553 constet
264 2510 333 2550 enm
347 2489 465 2551 debere.
721 2533 724 2537 -

91 2574 244 2631 Praetereu
254 2570 446 2649 presumptio
455 2580 623 2632 ntetooutre
632 2571 869 2650 delinquentem:
879 2571 999 2653 edeoqtn

62 2650 255 2730 presumptio
276 2649 375 2710 damni
388 2659 450 2709 etet
471 2661 576 2710 eontra
598 2650 785 2711 edrrlterum:
806 2653 864 2729 ipsi
878 2650 998 2729 proinde

61 2752 121 2791 non
135 2731 253 2801 morito,
279 2728 424 2789 incumbit
437 2728 565 2808 probare
580 2730 719 2791 damnum
744 2751 782 2791 ex
796 2752 850 2791 suo
864 2730 999 2790 adulterii

61 2830 121 2871 non
133 2829 202 2869 esre
215 2819 358 2868 secutum.

103 2891 141 2951 R.
164 2888 253 2947 Ale.
274 2888 354 2965 Neg.
368 2907 487 2967 ooneeq.
513 2889 684 2968 Disperitee
707 2900 762 2958 eet,
787 2888 999 2966 dispositionen

59 2969 160 3047 legum
175 2976 206 3026 et
216 2967 337 3026 infantie
347 2966 546 3028 inuboeutiom
555 2969 688 3046 exigere,
700 2977 736 3027 nt
746 2968 842 3027 infans
853 2985 885 3028 se
895 2977 997 3046 reputo

60 3048 238 3124 legitimum,
263 3046 357 3104 donee
370 3045 515 3123 probetur
528 3048 664 3125 spuriuur
684 3058 716 3106 ot
729 3049 746 3107 ὸ
760 3057 865 3107 oontru
878 3056 999 3109 mereto]

61 3128 171 3186 crimen
186 3123 335 3195 adulterii,
361 3135 395 3184 ut
409 3121 527 3186 edulter
549 3146 582 3186 se
605 3125 773 3188 debitorem
795 3137 926 3206 reputet,
953 3126 998 3189 nis

62 3204 180 3286 probet,
193 3223 225 3262 ee
238 3203 420 3262 indemnem
433 3225 493 3265 non
506 3205 669 3266 influxisse.

102 3286 251 3346 Gaeterrim
272 3283 407 3361 quumvis
433 3283 503 3343 telis
525 3284 625 3363 proles
651 3285 683 3345 in
706 3285 773 3345 soro
795 3295 923 3348 externo
950 3304 999 3347 nor

60 3361 335 3444 reputeturspurie‚
350 3361 416 3421 erim
427 3372 528 3423 temen
537 3364 697 3426 necundom
709 3383 741 3424 ee
752 3363 842 3437 dubie
850 3365 952 3444 spurio
960 3365 999 3428 eit

62 3445 193 3512 ridetur,
217 3442 242 3500 ri
263 3440 386 3500 fundate
400 3443 439 3501 <le
460 3462 513 3503 eun
526 3444 696 3505 conditione
716 3443 843 3514 dubitet,
866 3464 923 3522 pro
947 3454 999 3505 rab

61 3523 144 3663 ‹dlubbii
158 3522 195 3582 ud
209 3520 427 3581 restitutionem
441 3523 537 3584 teneri
550 3523 684 3603 prolibus
696 3520 840 3602 legitimis
853 3534 905 3584 aut
920 3523 999 3586 baere

83 3624 90 3662 ι
113 3621 157 3662 ut.
