<?xml version="1.0" encoding="UTF-8"?>
<!DOCTYPE html PUBLIC "-//W3C//DTD XHTML 1.0 Transitional//EN"
    "http://www.w3.org/TR/xhtml1/DTD/xhtml1-transitional.dtd">
<html xmlns="http://www.w3.org/1999/xhtml" xml:lang="en" lang="en">
 <head>
  <title>
</title>
<meta http-equiv="Content-Type" content="text/html;charset=utf-8" />
  <meta name='ocr-system' content='tesseract 3.04.00' />
  <meta name='ocr-capabilities' content='ocr_page ocr_carea ocr_par ocr_line ocrx_word'/>
</head>
<body>
  <div class='ocr_page' id='page_1' title='image "./theologiamorali01densgoog_0320.png"; bbox 0 0 2160 4034; ppageno 0'>
   <div class='ocr_carea' id='block_1_1' title="bbox 401 137 1032 199">
    <p class='ocr_par' dir='ltr' id='par_1_1' title="bbox 401 137 1032 199">
     <span class='ocr_line' id='line_1_1' title="bbox 401 137 1032 199; baseline 0.006 -4"><span class='ocrx_word' id='word_1_1' title='bbox 401 152 445 195; x_wconf 84' lang='lat' dir='ltr'>os</span> <span class='ocrx_word' id='word_1_2' title='bbox 465 148 714 196; x_wconf 78' lang='lat' dir='ltr'>maranormus.</span> <span class='ocrx_word' id='word_1_3' title='bbox 893 158 899 173; x_wconf 89' lang='lat'><strong>·</strong></span> <span class='ocrx_word' id='word_1_4' title='bbox 970 137 1032 199; x_wconf 70' lang='lat'>80⁹</span> 
     </span>
    </p>
   </div>
   <div class='ocr_carea' id='block_1_2' title="bbox 9 253 1037 3745">
    <p class='ocr_par' dir='ltr' id='par_1_2' title="bbox 9 253 1037 3745">
     <span class='ocr_line' id='line_1_2' title="bbox 10 253 1033 336; baseline 0.004 -20"><span class='ocrx_word' id='word_1_5' title='bbox 10 266 35 301; x_wconf 77' lang='lat'>⁵</span> <span class='ocrx_word' id='word_1_6' title='bbox 114 261 139 295; x_wconf 86' lang='lat'>‘¹</span> <span class='ocrx_word' id='word_1_7' title='bbox 147 256 294 316; x_wconf 81' lang='lat' dir='ltr'>Attamen</span> <span class='ocrx_word' id='word_1_8' title='bbox 304 255 542 333; x_wconf 81' lang='lat' dir='ltr'>juxtaAnselmo</span> <span class='ocrx_word' id='word_1_9' title='bbox 553 255 579 336; x_wconf 66' lang='grc' dir='ltr'>ξ.</span> <span class='ocrx_word' id='word_1_10' title='bbox 590 256 705 315; x_wconf 75' lang='lat' dir='ltr'>Idmon</span> <span class='ocrx_word' id='word_1_11' title='bbox 714 253 912 333; x_wconf 85' lang='lat' dir='ltr'>probibentur</span> <span class='ocrx_word' id='word_1_12' title='bbox 922 255 1033 319; x_wconf 84' lang='lat' dir='ltr'>adscri-</span> 
     </span>
     <span class='ocr_line' id='line_1_3' title="bbox 10 330 1035 408; baseline 0.003 -13"><span class='ocrx_word' id='word_1_13' title='bbox 10 350 31 385; x_wconf 68' lang='grc' dir='ltr'><strong>Ξ</strong></span> <span class='ocrx_word' id='word_1_14' title='bbox 68 330 154 395; x_wconf 77' lang='lat' dir='ltr'>bare</span> <span class='ocrx_word' id='word_1_15' title='bbox 164 335 307 404; x_wconf 81' lang='lat' dir='ltr'>ecclesiae,</span> <span class='ocrx_word' id='word_1_16' title='bbox 318 334 364 393; x_wconf 86' lang='lat' dir='ltr'>vel</span> <span class='ocrx_word' id='word_1_17' title='bbox 374 335 463 394; x_wconf 88' lang='lat' dir='ltr'>etiam</span> <span class='ocrx_word' id='word_1_18' title='bbox 475 334 531 393; x_wconf 87' lang='lat' dir='ltr'>sibi</span> <span class='ocrx_word' id='word_1_19' title='bbox 544 335 573 393; x_wconf 87' lang='lat' dir='ltr'>in</span> <span class='ocrx_word' id='word_1_20' title='bbox 585 335 717 394; x_wconf 79' lang='lat' dir='ltr'>favorem</span> <span class='ocrx_word' id='word_1_21' title='bbox 731 334 871 408; x_wconf 75' lang='lat' dir='ltr'>ecclesia,</span> <span class='ocrx_word' id='word_1_22' title='bbox 883 337 973 397; x_wconf 81' lang='lat' dir='ltr'>modo</span> <span class='ocrx_word' id='word_1_23' title='bbox 986 359 1035 399; x_wconf 85' lang='lat' dir='ltr'>ras</span> 
     </span>
     <span class='ocr_line' id='line_1_4' title="bbox 10 414 1036 493; baseline 0.005 -20"><span class='ocrx_word' id='word_1_24' title='bbox 10 428 26 463; x_wconf 76' lang='lat' dir='ltr'>i·</span> <span class='ocrx_word' id='word_1_25' title='bbox 68 415 162 493; x_wconf 77' lang='lat' dir='ltr'>apud</span> <span class='ocrx_word' id='word_1_26' title='bbox 170 414 334 474; x_wconf 78' lang='lat' dir='ltr'>Ecclesiam</span> <span class='ocrx_word' id='word_1_27' title='bbox 344 414 390 472; x_wconf 89' lang='lat' dir='ltr'>vel</span> <span class='ocrx_word' id='word_1_28' title='bbox 400 415 478 491; x_wconf 90' lang='lat' dir='ltr'>piam</span> <span class='ocrx_word' id='word_1_29' title='bbox 486 432 602 472; x_wconf 86' lang='lat' dir='ltr'>oausam</span> <span class='ocrx_word' id='word_1_30' title='bbox 611 414 757 493; x_wconf 81' lang='lat' dir='ltr'>perpetud</span> <span class='ocrx_word' id='word_1_31' title='bbox 767 414 806 472; x_wconf 89' lang='lat' dir='ltr'>sit</span> <span class='ocrx_word' id='word_1_32' title='bbox 814 417 1036 488; x_wconf 68' lang='lat' dir='ltr'>mansuralicet</span> 
     </span>
     <span class='ocr_line' id='line_1_5' title="bbox 10 493 1034 571; baseline 0.005 -20"><span class='ocrx_word' id='word_1_33' title='bbox 10 509 23 563; x_wconf 73' lang='lat' dir='ltr'>a</span> <span class='ocrx_word' id='word_1_34' title='bbox 70 510 155 555; x_wconf 78' lang='lat' dir='ltr'>usus</span> <span class='ocrx_word' id='word_1_35' title='bbox 162 504 217 553; x_wconf 88' lang='lat' dir='ltr'>aut</span> <span class='ocrx_word' id='word_1_36' title='bbox 231 494 415 552; x_wconf 75' lang='lat' dir='ltr'>ususfructus</span> <span class='ocrx_word' id='word_1_37' title='bbox 431 494 564 552; x_wconf 79' lang='lat' dir='ltr'><strong>Pastoris</strong></span> <span class='ocrx_word' id='word_1_38' title='bbox 576 493 633 552; x_wconf 78' lang='lat' dir='ltr'>sita</span> <span class='ocrx_word' id='word_1_39' title='bbox 653 503 688 552; x_wconf 90' lang='lat' dir='ltr'>ut</span> <span class='ocrx_word' id='word_1_40' title='bbox 697 493 723 551; x_wconf 89' lang='lat' dir='ltr'>si</span> <span class='ocrx_word' id='word_1_41' title='bbox 734 495 800 571; x_wconf 89' lang='lat' dir='ltr'>quis</span> <span class='ocrx_word' id='word_1_42' title='bbox 810 495 885 553; x_wconf 86' lang='lat' dir='ltr'>relin</span> <span class='ocrx_word' id='word_1_43' title='bbox 906 505 958 554; x_wconf 90' lang='lat' dir='ltr'>uut</span> <span class='ocrx_word' id='word_1_44' title='bbox 971 516 1034 556; x_wconf 86' lang='lat' dir='ltr'>car·</span> 
     </span>
     <span class='ocr_line' id='line_1_6' title="bbox 10 514 1035 650; baseline 0.005 -20"><span class='ocrx_word' id='word_1_45' title='bbox 10 588 19 625; x_wconf 79' lang='lat' dir='ltr'>r</span> <span class='ocrx_word' id='word_1_46' title='bbox 66 564 149 631; x_wconf 65' lang='lat' dir='ltr'>&#39;mm</span> <span class='ocrx_word' id='word_1_47' title='bbox 169 592 314 632; x_wconf 88' lang='lat' dir='ltr'>summam</span> <span class='ocrx_word' id='word_1_48' title='bbox 337 592 391 650; x_wconf 87' lang='lat' dir='ltr'>pro</span> <span class='ocrx_word' id='word_1_49' title='bbox 409 572 610 631; x_wconf 83' lang='lat' dir='ltr'>anniversario</span> <span class='ocrx_word' id='word_1_50' title='bbox 630 573 727 630; x_wconf 73' lang='lat' dir='ltr'>annue</span> <span class='ocrx_word' id='word_1_51' title='bbox 746 514 923 633; x_wconf 80' lang='lat' dir='ltr'>celebrando</span> <span class='ocrx_word' id='word_1_52' title='bbox 937 576 967 633; x_wconf 91' lang='lat' dir='ltr'>iu</span> <span class='ocrx_word' id='word_1_53' title='bbox 981 595 1035 636; x_wconf 85' lang='lat' dir='ltr'>sua</span> 
     </span>
     <span class='ocr_line' id='line_1_7' title="bbox 76 650 1034 732; baseline 0.003 -22"><span class='ocrx_word' id='word_1_54' title='bbox 76 650 243 711; x_wconf 87' lang='lat' dir='ltr'>Parocbia.</span> <span class='ocrx_word' id='word_1_55' title='bbox 283 650 389 712; x_wconf 74' lang='lat' dir='ltr'>Caveri</span> <span class='ocrx_word' id='word_1_56' title='bbox 404 652 523 709; x_wconf 88' lang='lat' dir='ltr'>iuterim</span> <span class='ocrx_word' id='word_1_57' title='bbox 538 651 627 710; x_wconf 88' lang='lat' dir='ltr'>debet</span> <span class='ocrx_word' id='word_1_58' title='bbox 640 652 737 709; x_wconf 87' lang='lat' dir='ltr'>omnis</span> <span class='ocrx_word' id='word_1_59' title='bbox 750 652 882 713; x_wconf 70' lang='lat' dir='ltr'>avaritiae</span> <span class='ocrx_word' id='word_1_60' title='bbox 897 656 1034 732; x_wconf 88' lang='lat' dir='ltr'>suspicio.</span> 
     </span>
     <span class='ocr_line' id='line_1_8' title="bbox 122 730 1036 807; baseline 0.005 -18"><span class='ocrx_word' id='word_1_61' title='bbox 122 730 1036 807; x_wconf 69' lang='lat' dir='ltr'>Quodsicontitfiat,testamentumproptereauoneritinva·</span> 
     </span>
     <span class='ocr_line' id='line_1_9' title="bbox 75 808 1035 905; baseline 0.005 -38"><span class='ocrx_word' id='word_1_62' title='bbox 75 808 179 871; x_wconf 88' lang='lat' dir='ltr'>lidum</span> <span class='ocrx_word' id='word_1_63' title='bbox 182 834 194 905; x_wconf 71' lang='lat'>‚³</span> <span class='ocrx_word' id='word_1_64' title='bbox 213 810 265 903; x_wconf 75' lang='lat' dir='ltr'>sed</span> <span class='ocrx_word' id='word_1_65' title='bbox 277 809 318 868; x_wconf 90' lang='lat' dir='ltr'>sio</span> <span class='ocrx_word' id='word_1_66' title='bbox 328 809 462 901; x_wconf 80' lang='lat' dir='ltr'>relictum</span> <span class='ocrx_word' id='word_1_67' title='bbox 476 809 603 867; x_wconf 91' lang='lat' dir='ltr'>Notariu</span> <span class='ocrx_word' id='word_1_68' title='bbox 613 809 662 866; x_wconf 83' lang='lat' dir='ltr'>vel</span> <span class='ocrx_word' id='word_1_69' title='bbox 673 809 785 902; x_wconf 70' lang='lat' dir='ltr'>Curato</span> <span class='ocrx_word' id='word_1_70' title='bbox 793 818 845 867; x_wconf 89' lang='lat' dir='ltr'>aut</span> <span class='ocrx_word' id='word_1_71' title='bbox 855 829 957 903; x_wconf 81' lang='lat' dir='ltr'>aprum</span> <span class='ocrx_word' id='word_1_72' title='bbox 965 832 1035 872; x_wconf 89' lang='lat' dir='ltr'>oon·</span> 
     </span>
     <span class='ocr_line' id='line_1_10' title="bbox 77 887 1033 1048; baseline -0.012 -20"><span class='ocrx_word' id='word_1_73' title='bbox 77 887 1033 1048; x_wconf 60' lang='lat' dir='ltr'>“stltttttl?litttttltttfttttlfflttt:</span> 
     </span>
     <span class='ocr_line' id='line_1_11' title="bbox 80 1045 1034 1124; baseline 0.006 -19"><span class='ocrx_word' id='word_1_74' title='bbox 80 1057 251 1108; x_wconf 86' lang='lat' dir='ltr'>tamentum</span> <span class='ocrx_word' id='word_1_75' title='bbox 264 1048 447 1124; x_wconf 89' lang='lat' dir='ltr'>conscripsit,</span> <span class='ocrx_word' id='word_1_76' title='bbox 464 1045 665 1105; x_wconf 89' lang='lat' dir='ltr'>Protocollum</span> <span class='ocrx_word' id='word_1_77' title='bbox 680 1066 733 1105; x_wconf 86' lang='lat' dir='ltr'>seu</span> <span class='ocrx_word' id='word_1_78' title='bbox 752 1047 895 1106; x_wconf 88' lang='lat' dir='ltr'>minutam</span> <span class='ocrx_word' id='word_1_79' title='bbox 910 1049 1034 1111; x_wconf 84' lang='lat' dir='ltr'>nullata-</span> 
     </span>
     <span class='ocr_line' id='line_1_12' title="bbox 83 1125 1033 1203; baseline 0.006 -19"><span class='ocrx_word' id='word_1_80' title='bbox 83 1146 142 1186; x_wconf 88' lang='lat' dir='ltr'>nus</span> <span class='ocrx_word' id='word_1_81' title='bbox 153 1128 173 1185; x_wconf 72' lang='lat' dir='ltr'>u</span> <span class='ocrx_word' id='word_1_82' title='bbox 186 1146 219 1186; x_wconf 85' lang='lat' dir='ltr'>se</span> <span class='ocrx_word' id='word_1_83' title='bbox 232 1126 369 1184; x_wconf 87' lang='lat' dir='ltr'>abdicare</span> <span class='ocrx_word' id='word_1_84' title='bbox 382 1144 480 1203; x_wconf 81' lang='lat' dir='ltr'>posse,</span> <span class='ocrx_word' id='word_1_85' title='bbox 494 1136 528 1183; x_wconf 91' lang='lat' dir='ltr'>ut</span> <span class='ocrx_word' id='word_1_86' title='bbox 541 1135 643 1183; x_wconf 84' lang='lat' dir='ltr'>monet</span> <span class='ocrx_word' id='word_1_87' title='bbox 657 1125 798 1184; x_wconf 87' lang='lat' dir='ltr'>Manuale</span> <span class='ocrx_word' id='word_1_88' title='bbox 808 1126 1033 1190; x_wconf 81' lang='lat' dir='ltr'>Mecblinieuse.</span> 
     </span>
     <span class='ocr_line' id='line_1_13' title="bbox 126 1204 1033 1284; baseline 0.003 -18"><span class='ocrx_word' id='word_1_89' title='bbox 126 1205 298 1266; x_wconf 76' lang='lat' dir='ltr'>Curandum</span> <span class='ocrx_word' id='word_1_90' title='bbox 313 1205 413 1275; x_wconf 85' lang='lat' dir='ltr'>otiam,</span> <span class='ocrx_word' id='word_1_91' title='bbox 433 1215 469 1263; x_wconf 89' lang='lat' dir='ltr'>ut</span> <span class='ocrx_word' id='word_1_92' title='bbox 488 1204 649 1263; x_wconf 85' lang='lat' dir='ltr'>secundum</span> <span class='ocrx_word' id='word_1_93' title='bbox 673 1204 844 1284; x_wconf 79' lang='lat' dir='ltr'>Principum</span> <span class='ocrx_word' id='word_1_94' title='bbox 864 1217 1033 1277; x_wconf 69' lang='lat' dir='ltr'>nostrorum</span> 
     </span>
     <span class='ocr_line' id='line_1_14' title="bbox 10 1282 967 1361; baseline -0.002 -18"><span class='ocrx_word' id='word_1_95' title='bbox 10 1310 12 1343; x_wconf 93' lang='lat'><strong>:</strong></span> <span class='ocrx_word' id='word_1_96' title='bbox 85 1284 186 1345; x_wconf 86' lang='lat' dir='ltr'>edicta</span> <span class='ocrx_word' id='word_1_97' title='bbox 199 1296 408 1344; x_wconf 84' lang='lat' dir='ltr'>testamentum</span> <span class='ocrx_word' id='word_1_98' title='bbox 423 1284 524 1342; x_wconf 91' lang='lat' dir='ltr'>debito</span> <span class='ocrx_word' id='word_1_99' title='bbox 538 1282 637 1361; x_wconf 79' lang='lat' dir='ltr'>sigillo</span> <span class='ocrx_word' id='word_1_100' title='bbox 652 1284 812 1343; x_wconf 84' lang='lat' dir='ltr'>muniatur.</span> <span class='ocrx_word' id='word_1_101' title='bbox 963 1328 967 1333; x_wconf 87' lang='lat'>.</span> 
     </span>
     <span class='ocr_line' id='line_1_15' title="bbox 127 1363 1034 1441; baseline 0.001 -15"><span class='ocrx_word' id='word_1_102' title='bbox 127 1364 222 1426; x_wconf 86' lang='lat' dir='ltr'><strong>VIII.</strong></span> <span class='ocrx_word' id='word_1_103' title='bbox 242 1366 290 1421; x_wconf 79' lang='lat'>80.</span> <span class='ocrx_word' id='word_1_104' title='bbox 311 1363 499 1441; x_wconf 86' lang='lat' dir='ltr'>Requiritur,</span> <span class='ocrx_word' id='word_1_105' title='bbox 519 1372 553 1420; x_wconf 89' lang='lat' dir='ltr'>nt</span> <span class='ocrx_word' id='word_1_106' title='bbox 570 1372 697 1421; x_wconf 83' lang='lat' dir='ltr'>testator</span> <span class='ocrx_word' id='word_1_107' title='bbox 710 1363 774 1440; x_wconf 86' lang='lat' dir='ltr'>ipso</span> <span class='ocrx_word' id='word_1_108' title='bbox 787 1382 841 1422; x_wconf 86' lang='lat' dir='ltr'>suo</span> <span class='ocrx_word' id='word_1_109' title='bbox 855 1372 1034 1427; x_wconf 86' lang='lat' dir='ltr'>testamento</span> 
     </span>
     <span class='ocr_line' id='line_1_16' title="bbox 9 1438 1035 1526; baseline 0.005 -26"><span class='ocrx_word' id='word_1_110' title='bbox 9 1466 15 1500; x_wconf 86' lang='lat' dir='ltr'>t</span> <span class='ocrx_word' id='word_1_111' title='bbox 88 1438 264 1513; x_wconf 77' lang='lat' dir='ltr'>subscribat,</span> <span class='ocrx_word' id='word_1_112' title='bbox 284 1454 373 1521; x_wconf 89' lang='lat' dir='ltr'>prout</span> <span class='ocrx_word' id='word_1_113' title='bbox 394 1443 483 1500; x_wconf 84' lang='lat' dir='ltr'>etiam</span> <span class='ocrx_word' id='word_1_114' title='bbox 498 1440 683 1501; x_wconf 77' lang='lat' dir='ltr'>subscribere</span> <span class='ocrx_word' id='word_1_115' title='bbox 697 1441 808 1501; x_wconf 88' lang='lat' dir='ltr'>debent</span> <span class='ocrx_word' id='word_1_116' title='bbox 827 1453 936 1514; x_wconf 78' lang='lat' dir='ltr'>testes3</span> <span class='ocrx_word' id='word_1_117' title='bbox 955 1446 1035 1526; x_wconf 84' lang='lat' dir='ltr'>qudd</span> 
     </span>
     <span class='ocr_line' id='line_1_17' title="bbox 87 1520 1034 1600; baseline 0.005 -19"><span class='ocrx_word' id='word_1_118' title='bbox 87 1527 111 1581; x_wconf 86' lang='lat' dir='ltr'>si</span> <span class='ocrx_word' id='word_1_119' title='bbox 123 1522 234 1600; x_wconf 85' lang='lat' dir='ltr'>aliquis</span> <span class='ocrx_word' id='word_1_120' title='bbox 247 1542 350 1581; x_wconf 90' lang='lat' dir='ltr'>eorum</span> <span class='ocrx_word' id='word_1_121' title='bbox 365 1521 495 1580; x_wconf 88' lang='lat' dir='ltr'>scribere</span> <span class='ocrx_word' id='word_1_122' title='bbox 513 1540 574 1580; x_wconf 91' lang='lat' dir='ltr'>non</span> <span class='ocrx_word' id='word_1_123' title='bbox 594 1520 713 1580; x_wconf 88' lang='lat' dir='ltr'>noverit</span> <span class='ocrx_word' id='word_1_124' title='bbox 726 1520 774 1578; x_wconf 80' lang='lat' dir='ltr'>vel</span> <span class='ocrx_word' id='word_1_125' title='bbox 787 1542 848 1600; x_wconf 79' lang='lat' dir='ltr'>praa</span> <span class='ocrx_word' id='word_1_126' title='bbox 861 1522 1034 1586; x_wconf 83' lang='lat' dir='ltr'>infirmitate</span> 
     </span>
     <span class='ocr_line' id='line_1_18' title="bbox 10 1600 1033 1697; baseline 0.005 -38"><span class='ocrx_word' id='word_1_127' title='bbox 10 1624 31 1659; x_wconf 81' lang='lat' dir='ltr'>r.</span> <span class='ocrx_word' id='word_1_128' title='bbox 87 1622 143 1661; x_wconf 86' lang='lat' dir='ltr'>uon</span> <span class='ocrx_word' id='word_1_129' title='bbox 155 1602 260 1697; x_wconf 77' lang='lat' dir='ltr'>possit,</span> <span class='ocrx_word' id='word_1_130' title='bbox 269 1600 416 1661; x_wconf 84' lang='lat' dir='ltr'>debetilla</span> <span class='ocrx_word' id='word_1_131' title='bbox 426 1620 481 1679; x_wconf 91' lang='lat' dir='ltr'>per</span> <span class='ocrx_word' id='word_1_132' title='bbox 491 1601 607 1679; x_wconf 83' lang='lat' dir='ltr'>signum</span> <span class='ocrx_word' id='word_1_133' title='bbox 618 1609 670 1659; x_wconf 88' lang='lat' dir='ltr'>aut</span> <span class='ocrx_word' id='word_1_134' title='bbox 680 1600 821 1670; x_wconf 84' lang='lat' dir='ltr'>notulam,</span> <span class='ocrx_word' id='word_1_135' title='bbox 830 1621 859 1660; x_wconf 82' lang='lat' dir='ltr'>v.</span> <span class='ocrx_word' id='word_1_136' title='bbox 868 1621 898 1680; x_wconf 79' lang='lat' dir='ltr'>g.</span> <span class='ocrx_word' id='word_1_137' title='bbox 906 1622 1033 1677; x_wconf 88' lang='lat' dir='ltr'>crucem,</span> 
     </span>
     <span class='ocr_line' id='line_1_19' title="bbox 10 1679 1034 1761; baseline 0.004 -23"><span class='ocrx_word' id='word_1_138' title='bbox 10 1702 34 1738; x_wconf 79' lang='lat' dir='ltr'>r·</span> <span class='ocrx_word' id='word_1_139' title='bbox 89 1681 281 1760; x_wconf 74' lang='lat' dir='ltr'>mbsrguare3</span> <span class='ocrx_word' id='word_1_140' title='bbox 301 1680 449 1761; x_wconf 79' lang='lat' dir='ltr'>debetque</span> <span class='ocrx_word' id='word_1_141' title='bbox 463 1680 492 1737; x_wconf 93' lang='lat' dir='ltr'>in</span> <span class='ocrx_word' id='word_1_142' title='bbox 507 1679 586 1738; x_wconf 87' lang='lat' dir='ltr'>calce</span> <span class='ocrx_word' id='word_1_143' title='bbox 595 1680 766 1738; x_wconf 80' lang='lat' dir='ltr'>testamenti</span> <span class='ocrx_word' id='word_1_144' title='bbox 780 1679 834 1738; x_wconf 87' lang='lat' dir='ltr'>sub</span> <span class='ocrx_word' id='word_1_145' title='bbox 847 1700 935 1759; x_wconf 80' lang='lat' dir='ltr'>poena</span> <span class='ocrx_word' id='word_1_146' title='bbox 948 1684 1034 1742; x_wconf 89' lang='lat' dir='ltr'>nulli·</span> 
     </span>
     <span class='ocr_line' id='line_1_20' title="bbox 10 1759 1033 1839; baseline 0.007 -23"><span class='ocrx_word' id='word_1_147' title='bbox 10 1780 36 1816; x_wconf 84' lang='grc' dir='ltr'>ι</span> <span class='ocrx_word' id='word_1_148' title='bbox 88 1761 160 1821; x_wconf 79' lang='lat' dir='ltr'>totis</span> <span class='ocrx_word' id='word_1_149' title='bbox 174 1779 315 1839; x_wconf 87' lang='lat' dir='ltr'>expressa</span> <span class='ocrx_word' id='word_1_150' title='bbox 328 1760 393 1819; x_wconf 87' lang='lat' dir='ltr'>lieri</span> <span class='ocrx_word' id='word_1_151' title='bbox 407 1759 529 1829; x_wconf 87' lang='lat' dir='ltr'>mentio,</span> <span class='ocrx_word' id='word_1_152' title='bbox 550 1759 629 1837; x_wconf 77' lang='lat' dir='ltr'>quod</span> <span class='ocrx_word' id='word_1_153' title='bbox 647 1759 840 1836; x_wconf 79' lang='lat' dir='ltr'>interrogati,</span> <span class='ocrx_word' id='word_1_154' title='bbox 852 1780 889 1819; x_wconf 89' lang='lat' dir='ltr'>au</span> <span class='ocrx_word' id='word_1_155' title='bbox 904 1761 1033 1823; x_wconf 87' lang='lat' dir='ltr'>scribere</span> 
     </span>
     <span class='ocr_line' id='line_1_21' title="bbox 10 1839 1033 1919; baseline 0.006 -24"><span class='ocrx_word' id='word_1_156' title='bbox 10 1856 38 1895; x_wconf 74' lang='grc' dir='ltr'>ι</span> <span class='ocrx_word' id='word_1_157' title='bbox 87 1851 219 1919; x_wconf 76' lang='lat' dir='ltr'>possent,</span> <span class='ocrx_word' id='word_1_158' title='bbox 232 1840 441 1916; x_wconf 81' lang='lat' dir='ltr'>responderint</span> <span class='ocrx_word' id='word_1_159' title='bbox 454 1858 486 1896; x_wconf 88' lang='lat' dir='ltr'>so</span> <span class='ocrx_word' id='word_1_160' title='bbox 500 1839 629 1897; x_wconf 87' lang='lat' dir='ltr'>scribere</span> <span class='ocrx_word' id='word_1_161' title='bbox 640 1857 697 1897; x_wconf 93' lang='lat' dir='ltr'>non</span> <span class='ocrx_word' id='word_1_162' title='bbox 712 1857 809 1916; x_wconf 88' lang='lat' dir='ltr'>posse.</span> <span class='ocrx_word' id='word_1_163' title='bbox 850 1840 975 1913; x_wconf 77' lang='lat' dir='ltr'>Quodsi</span> <span class='ocrx_word' id='word_1_164' title='bbox 989 1842 1033 1901; x_wconf 94' lang='lat' dir='ltr'>illi</span> 
     </span>
     <span class='ocr_line' id='line_1_22' title="bbox 19 1917 1030 2000; baseline 0.008 -27"><span class='ocrx_word' id='word_1_165' title='bbox 19 1930 40 1973; x_wconf 76' lang='lat' dir='ltr'>a</span> <span class='ocrx_word' id='word_1_166' title='bbox 85 1919 243 2000; x_wconf 84' lang='lat' dir='ltr'>nequidem</span> <span class='ocrx_word' id='word_1_167' title='bbox 274 1918 405 1978; x_wconf 89' lang='lat' dir='ltr'>notulam</span> <span class='ocrx_word' id='word_1_168' title='bbox 435 1937 585 1996; x_wconf 86' lang='lat' dir='ltr'>apponere</span> <span class='ocrx_word' id='word_1_169' title='bbox 605 1917 767 1996; x_wconf 84' lang='lat' dir='ltr'>potuerint,</span> <span class='ocrx_word' id='word_1_170' title='bbox 795 1918 868 1991; x_wconf 76' lang='lat' dir='ltr'>illud</span> <span class='ocrx_word' id='word_1_171' title='bbox 889 1919 977 1980; x_wconf 88' lang='lat' dir='ltr'>etiam</span> <span class='ocrx_word' id='word_1_172' title='bbox 998 1922 1030 1981; x_wconf 87' lang='lat' dir='ltr'>iu</span> 
     </span>
     <span class='ocr_line' id='line_1_23' title="bbox 10 1996 555 2076; baseline -0.009 -17"><span class='ocrx_word' id='word_1_173' title='bbox 10 1996 43 2050; x_wconf 73' lang='lat'>5-</span> <span class='ocrx_word' id='word_1_174' title='bbox 85 2008 268 2059; x_wconf 81' lang='lat' dir='ltr'>testamento</span> <span class='ocrx_word' id='word_1_175' title='bbox 283 1998 411 2076; x_wconf 85' lang='lat' dir='ltr'>exprimi</span> <span class='ocrx_word' id='word_1_176' title='bbox 426 1996 555 2057; x_wconf 90' lang='lat' dir='ltr'>debebit.</span> 
     </span>
     <span class='ocr_line' id='line_1_24' title="bbox 10 2076 1034 2155; baseline 0 -16"><span class='ocrx_word' id='word_1_177' title='bbox 10 2094 43 2129; x_wconf 49' lang='grc' dir='ltr'>ΙΨ</span> <span class='ocrx_word' id='word_1_178' title='bbox 126 2078 189 2139; x_wconf 84' lang='lat' dir='ltr'>lx.</span> <span class='ocrx_word' id='word_1_179' title='bbox 212 2077 296 2138; x_wconf 87' lang='lat' dir='ltr'>Ordo</span> <span class='ocrx_word' id='word_1_180' title='bbox 309 2088 408 2135; x_wconf 83' lang='lat' dir='ltr'>autem</span> <span class='ocrx_word' id='word_1_181' title='bbox 423 2077 452 2135; x_wconf 93' lang='lat' dir='ltr'>in</span> <span class='ocrx_word' id='word_1_182' title='bbox 468 2076 690 2155; x_wconf 78' lang='lat' dir='ltr'>subsignatione</span> <span class='ocrx_word' id='word_1_183' title='bbox 697 2076 862 2136; x_wconf 75' lang='lat' dir='ltr'>necessario</span> <span class='ocrx_word' id='word_1_184' title='bbox 872 2078 1034 2139; x_wconf 76' lang='lat' dir='ltr'>servbndus</span> 
     </span>
     <span class='ocr_line' id='line_1_25' title="bbox 21 2156 1033 2234; baseline 0.001 -16"><span class='ocrx_word' id='word_1_185' title='bbox 21 2168 45 2207; x_wconf 68' lang='lat' dir='ltr'>&#39;e</span> <span class='ocrx_word' id='word_1_186' title='bbox 85 2169 135 2218; x_wconf 88' lang='lat' dir='ltr'>est</span> <span class='ocrx_word' id='word_1_187' title='bbox 149 2157 208 2227; x_wconf 84' lang='lat' dir='ltr'>bic,</span> <span class='ocrx_word' id='word_1_188' title='bbox 221 2168 255 2215; x_wconf 92' lang='lat' dir='ltr'>nt</span> <span class='ocrx_word' id='word_1_189' title='bbox 272 2160 316 2215; x_wconf 86' lang='lat'>1⁰.</span> <span class='ocrx_word' id='word_1_190' title='bbox 330 2156 484 2234; x_wconf 79' lang='lat' dir='ltr'>subsignat</span> <span class='ocrx_word' id='word_1_191' title='bbox 499 2157 649 2226; x_wconf 82' lang='lat' dir='ltr'>Testatur,</span> <span class='ocrx_word' id='word_1_192' title='bbox 670 2159 717 2214; x_wconf 73' lang='lat'>2⁰.</span> <span class='ocrx_word' id='word_1_193' title='bbox 733 2156 849 2227; x_wconf 85' lang='lat' dir='ltr'>Testes,</span> <span class='ocrx_word' id='word_1_194' title='bbox 868 2160 917 2216; x_wconf 79' lang='lat'>3⁰.</span> <span class='ocrx_word' id='word_1_195' title='bbox 938 2159 1033 2219; x_wconf 83' lang='lat' dir='ltr'>Nota·</span> 
     </span>
     <span class='ocr_line' id='line_1_26' title="bbox 10 2236 641 2306; baseline -0.008 -8"><span class='ocrx_word' id='word_1_196' title='bbox 10 2246 43 2285; x_wconf 69' lang='grc' dir='ltr'>ΙΙ</span> <span class='ocrx_word' id='word_1_197' title='bbox 86 2239 164 2304; x_wconf 84' lang='lat' dir='ltr'>rius,</span> <span class='ocrx_word' id='word_1_198' title='bbox 182 2236 231 2295; x_wconf 82' lang='lat' dir='ltr'>val</span> <span class='ocrx_word' id='word_1_199' title='bbox 244 2237 360 2306; x_wconf 86' lang='lat' dir='ltr'>Pastor,</span> <span class='ocrx_word' id='word_1_200' title='bbox 374 2248 426 2294; x_wconf 90' lang='lat' dir='ltr'>aut</span> <span class='ocrx_word' id='word_1_201' title='bbox 440 2236 530 2297; x_wconf 88' lang='lat' dir='ltr'>Vice·</span> <span class='ocrx_word' id='word_1_202' title='bbox 536 2236 641 2294; x_wconf 88' lang='lat' dir='ltr'>Pastor</span> 
     </span>
     <span class='ocr_line' id='line_1_27' title="bbox 10 2313 1034 2397; baseline 0.003 -22"><span class='ocrx_word' id='word_1_203' title='bbox 10 2326 39 2381; x_wconf 59' lang='grc' dir='ltr'><strong>β</strong></span> <span class='ocrx_word' id='word_1_204' title='bbox 126 2316 170 2375; x_wconf 79' lang='grc' dir='ltr'>Χ.</span> <span class='ocrx_word' id='word_1_205' title='bbox 186 2317 355 2397; x_wconf 87' lang='lat' dir='ltr'>Antequam</span> <span class='ocrx_word' id='word_1_206' title='bbox 368 2325 577 2373; x_wconf 86' lang='lat' dir='ltr'>testamentum</span> <span class='ocrx_word' id='word_1_207' title='bbox 588 2313 786 2391; x_wconf 79' lang='lat' dir='ltr'>subsignetur,</span> <span class='ocrx_word' id='word_1_208' title='bbox 801 2314 891 2375; x_wconf 87' lang='lat' dir='ltr'>debet</span> <span class='ocrx_word' id='word_1_209' title='bbox 904 2315 978 2375; x_wconf 92' lang='lat' dir='ltr'>illud</span> <span class='ocrx_word' id='word_1_210' title='bbox 990 2318 1034 2397; x_wconf 81' lang='lat' dir='ltr'>(ai</span> 
     </span>
     <span class='ocr_line' id='line_1_28' title="bbox 10 2394 1033 2475; baseline 0 -20"><span class='ocrx_word' id='word_1_211' title='bbox 10 2404 34 2443; x_wconf 64' lang='lat'>¹⁸</span> <span class='ocrx_word' id='word_1_212' title='bbox 82 2408 223 2475; x_wconf 80' lang='lat' dir='ltr'>apertum</span> <span class='ocrx_word' id='word_1_213' title='bbox 244 2395 299 2473; x_wconf 87' lang='lat' dir='ltr'>sit)</span> <span class='ocrx_word' id='word_1_214' title='bbox 321 2395 400 2453; x_wconf 90' lang='lat' dir='ltr'>clara</span> <span class='ocrx_word' id='word_1_215' title='bbox 414 2396 440 2452; x_wconf 69' lang='grc' dir='ltr'>ἃ</span> <span class='ocrx_word' id='word_1_216' title='bbox 454 2394 593 2452; x_wconf 89' lang='lat' dir='ltr'>distincta</span> <span class='ocrx_word' id='word_1_217' title='bbox 614 2413 686 2453; x_wconf 88' lang='lat' dir='ltr'>voce</span> <span class='ocrx_word' id='word_1_218' title='bbox 707 2395 868 2472; x_wconf 71' lang='lat' dir='ltr'>praelegere</span> <span class='ocrx_word' id='word_1_219' title='bbox 889 2394 1033 2456; x_wconf 87' lang='lat' dir='ltr'>Notarius</span> 
     </span>
     <span class='ocr_line' id='line_1_29' title="bbox 10 2473 1031 2553; baseline -0.002 -18"><span class='ocrx_word' id='word_1_220' title='bbox 10 2484 29 2549; x_wconf 63' lang='grc' dir='ltr'><strong>ἒ</strong></span> <span class='ocrx_word' id='word_1_221' title='bbox 81 2485 140 2535; x_wconf 84' lang='lat' dir='ltr'>aut</span> <span class='ocrx_word' id='word_1_222' title='bbox 154 2476 262 2534; x_wconf 88' lang='lat' dir='ltr'>Pastor</span> <span class='ocrx_word' id='word_1_223' title='bbox 276 2474 324 2533; x_wconf 84' lang='lat' dir='ltr'>rel</span> <span class='ocrx_word' id='word_1_224' title='bbox 339 2474 545 2543; x_wconf 84' lang='lat' dir='ltr'>Vico-Pastor,</span> <span class='ocrx_word' id='word_1_225' title='bbox 559 2473 693 2553; x_wconf 79' lang='lat' dir='ltr'>quumvis</span> <span class='ocrx_word' id='word_1_226' title='bbox 707 2492 765 2531; x_wconf 92' lang='lat' dir='ltr'>non</span> <span class='ocrx_word' id='word_1_227' title='bbox 780 2473 834 2531; x_wconf 85' lang='lat' dir='ltr'>sub</span> <span class='ocrx_word' id='word_1_228' title='bbox 848 2493 934 2551; x_wconf 85' lang='lat' dir='ltr'>poena</span> <span class='ocrx_word' id='word_1_229' title='bbox 944 2474 1031 2534; x_wconf 85' lang='lat' dir='ltr'>nulli·</span> 
     </span>
     <span class='ocr_line' id='line_1_30' title="bbox 10 2551 784 2633; baseline -0.009 -17"><span class='ocrx_word' id='word_1_230' title='bbox 10 2564 26 2603; x_wconf 66' lang='lat' dir='ltr'>li</span> <span class='ocrx_word' id='word_1_231' title='bbox 86 2556 171 2624; x_wconf 87' lang='lat' dir='ltr'>tatia,</span> <span class='ocrx_word' id='word_1_232' title='bbox 187 2568 220 2612; x_wconf 86' lang='lat' dir='ltr'>ut</span> <span class='ocrx_word' id='word_1_233' title='bbox 234 2553 414 2612; x_wconf 87' lang='lat' dir='ltr'>declaratum</span> <span class='ocrx_word' id='word_1_234' title='bbox 429 2553 522 2611; x_wconf 88' lang='lat' dir='ltr'>refert</span> <span class='ocrx_word' id='word_1_235' title='bbox 537 2551 722 2633; x_wconf 57' lang='lat' dir='ltr'>Anselmop</span> <span class='ocrx_word' id='word_1_236' title='bbox 740 2554 784 2610; x_wconf 88' lang='lat'>18.</span> 
     </span>
     <span class='ocr_line' id='line_1_31' title="bbox 10 2630 1033 2711; baseline 0 -18"><span class='ocrx_word' id='word_1_237' title='bbox 10 2642 21 2681; x_wconf 62' lang='grc' dir='ltr'><strong>ἲ</strong></span> <span class='ocrx_word' id='word_1_238' title='bbox 129 2633 270 2694; x_wconf 78' lang='lat' dir='ltr'>Formam</span> <span class='ocrx_word' id='word_1_239' title='bbox 285 2631 489 2691; x_wconf 88' lang='lat' dir='ltr'>conscribendi</span> <span class='ocrx_word' id='word_1_240' title='bbox 500 2641 679 2690; x_wconf 86' lang='lat' dir='ltr'>testamenta</span> <span class='ocrx_word' id='word_1_241' title='bbox 688 2630 849 2690; x_wconf 78' lang='lat' dir='ltr'>&amp;codicilli</span> <span class='ocrx_word' id='word_1_242' title='bbox 864 2632 1033 2711; x_wconf 85' lang='lat' dir='ltr'>suppeditat</span> 
     </span>
     <span class='ocr_line' id='line_1_32' title="bbox 10 2711 665 2787; baseline -0.006 -15"><span class='ocrx_word' id='word_1_243' title='bbox 10 2724 21 2761; x_wconf 75' lang='grc' dir='ltr'>Ι</span> <span class='ocrx_word' id='word_1_244' title='bbox 86 2712 232 2772; x_wconf 85' lang='lat' dir='ltr'>Manuale</span> <span class='ocrx_word' id='word_1_245' title='bbox 247 2713 404 2771; x_wconf 85' lang='lat' dir='ltr'>Pastorum</span> <span class='ocrx_word' id='word_1_246' title='bbox 418 2711 507 2787; x_wconf 89' lang='lat' dir='ltr'>hujus</span> <span class='ocrx_word' id='word_1_247' title='bbox 521 2711 665 2769; x_wconf 72' lang='lat' dir='ltr'>dioecesis.</span> 
     </span>
     <span class='ocr_line' id='line_1_33' title="bbox 127 2789 1033 2870; baseline 0.003 -19"><span class='ocrx_word' id='word_1_248' title='bbox 127 2792 180 2851; x_wconf 71' lang='lat' dir='ltr'>nn</span> <span class='ocrx_word' id='word_1_249' title='bbox 194 2792 274 2851; x_wconf 80' lang='lat' dir='ltr'>valet</span> <span class='ocrx_word' id='word_1_250' title='bbox 287 2801 496 2851; x_wconf 84' lang='lat' dir='ltr'>testamentum</span> <span class='ocrx_word' id='word_1_251' title='bbox 511 2791 652 2869; x_wconf 84' lang='lat' dir='ltr'>scriptum</span> <span class='ocrx_word' id='word_1_252' title='bbox 666 2790 754 2862; x_wconf 85' lang='lat' dir='ltr'>notis,</span> <span class='ocrx_word' id='word_1_253' title='bbox 768 2789 859 2870; x_wconf 82' lang='lat' dir='ltr'>cyfris</span> <span class='ocrx_word' id='word_1_254' title='bbox 867 2800 919 2851; x_wconf 84' lang='lat' dir='ltr'>aut</span> <span class='ocrx_word' id='word_1_255' title='bbox 929 2790 1033 2855; x_wconf 85' lang='lat' dir='ltr'>abbre-</span> 
     </span>
     <span class='ocr_line' id='line_1_34' title="bbox 10 2870 291 2931; baseline 0.007 -2"><span class='ocrx_word' id='word_1_256' title='bbox 10 2886 14 2921; x_wconf 82' lang='grc'>1·</span> <span class='ocrx_word' id='word_1_257' title='bbox 86 2870 291 2931; x_wconf 84' lang='lat' dir='ltr'>viationibus?</span> 
     </span>
     <span class='ocr_line' id='line_1_35' title="bbox 10 2948 1033 3031; baseline 0.002 -22"><span class='ocrx_word' id='word_1_258' title='bbox 10 2964 13 2983; x_wconf 83' lang='lat'>²</span> <span class='ocrx_word' id='word_1_259' title='bbox 130 2950 191 3009; x_wconf 86' lang='lat' dir='ltr'>XI.</span> <span class='ocrx_word' id='word_1_260' title='bbox 212 2950 250 3011; x_wconf 87' lang='lat' dir='ltr'>R.</span> <span class='ocrx_word' id='word_1_261' title='bbox 270 2953 366 3013; x_wconf 85' lang='lat' dir='ltr'>Juxta</span> <span class='ocrx_word' id='word_1_262' title='bbox 380 2949 523 3010; x_wconf 88' lang='lat' dir='ltr'>Anselmo</span> <span class='ocrx_word' id='word_1_263' title='bbox 538 2949 564 3031; x_wconf 62' lang='grc' dir='ltr'>ξ.</span> <span class='ocrx_word' id='word_1_264' title='bbox 585 2952 632 3009; x_wconf 78' lang='lat'>26.</span> <span class='ocrx_word' id='word_1_265' title='bbox 652 2948 741 3009; x_wconf 88' lang='lat' dir='ltr'>debet</span> <span class='ocrx_word' id='word_1_266' title='bbox 754 2959 965 3010; x_wconf 85' lang='lat' dir='ltr'>testamentum</span> <span class='ocrx_word' id='word_1_267' title='bbox 979 2952 1033 3011; x_wconf 91' lang='lat' dir='ltr'>sub</span> 
     </span>
     <span class='ocr_line' id='line_1_36' title="bbox 89 3028 1034 3109; baseline 0.001 -20"><span class='ocrx_word' id='word_1_268' title='bbox 89 3029 224 3109; x_wconf 83' lang='lat' dir='ltr'>periculo</span> <span class='ocrx_word' id='word_1_269' title='bbox 247 3030 391 3088; x_wconf 88' lang='lat' dir='ltr'>nullitatis</span> <span class='ocrx_word' id='word_1_270' title='bbox 412 3029 501 3088; x_wconf 88' lang='lat' dir='ltr'>scribi</span> <span class='ocrx_word' id='word_1_271' title='bbox 521 3031 646 3107; x_wconf 78' lang='lat' dir='ltr'>integris</span> <span class='ocrx_word' id='word_1_272' title='bbox 660 3028 839 3088; x_wconf 85' lang='lat' dir='ltr'>dictionibus</span> <span class='ocrx_word' id='word_1_273' title='bbox 856 3029 1034 3090; x_wconf 85' lang='lat' dir='ltr'>litteralibus</span> 
     </span>
     <span class='ocr_line' id='line_1_37' title="bbox 88 3107 1034 3183; baseline 0 -14"><span class='ocrx_word' id='word_1_274' title='bbox 88 3109 153 3169; x_wconf 84' lang='lat' dir='ltr'>aine</span> <span class='ocrx_word' id='word_1_275' title='bbox 162 3107 386 3178; x_wconf 71' lang='lat' dir='ltr'>abbreviatoris,</span> <span class='ocrx_word' id='word_1_276' title='bbox 398 3109 485 3178; x_wconf 84' lang='lat' dir='ltr'>notis,</span> <span class='ocrx_word' id='word_1_277' title='bbox 496 3108 543 3167; x_wconf 85' lang='lat' dir='ltr'>vel</span> <span class='ocrx_word' id='word_1_278' title='bbox 553 3107 772 3168; x_wconf 83' lang='lat' dir='ltr'>characteribus</span> <span class='ocrx_word' id='word_1_279' title='bbox 785 3118 845 3167; x_wconf 86' lang='lat' dir='ltr'>tarn</span> <span class='ocrx_word' id='word_1_280' title='bbox 859 3110 889 3167; x_wconf 93' lang='lat' dir='ltr'>in</span> <span class='ocrx_word' id='word_1_281' title='bbox 904 3111 1034 3183; x_wconf 88' lang='lat' dir='ltr'>summis,</span> 
     </span>
     <span class='ocr_line' id='line_1_38' title="bbox 89 3187 1034 3346; baseline 0.002 -21"><span class='ocrx_word' id='word_1_282' title='bbox 89 3187 1034 3346; x_wconf 58' lang='lat' dir='ltr'>tttt{tlt},tzittatltlttttfttttlttditt</span> 
     </span>
     <span class='ocr_line' id='line_1_39' title="bbox 10 3345 1035 3427; baseline 0.001 -23"><span class='ocrx_word' id='word_1_283' title='bbox 10 3374 12 3381; x_wconf 92' lang='grc'><strong><em>·</em></strong></span> <span class='ocrx_word' id='word_1_284' title='bbox 85 3355 109 3427; x_wconf 84' lang='lat'>.“</span> <span class='ocrx_word' id='word_1_285' title='bbox 118 3346 260 3426; x_wconf 85' lang='lat' dir='ltr'>mille,”):</span> <span class='ocrx_word' id='word_1_286' title='bbox 270 3346 327 3404; x_wconf 91' lang='lat' dir='ltr'>dici</span> <span class='ocrx_word' id='word_1_287' title='bbox 338 3357 436 3405; x_wconf 89' lang='lat' dir='ltr'>tamen</span> <span class='ocrx_word' id='word_1_288' title='bbox 446 3347 595 3424; x_wconf 87' lang='lat' dir='ltr'>Wynanta</span> <span class='ocrx_word' id='word_1_289' title='bbox 604 3347 752 3406; x_wconf 90' lang='lat' dir='ltr'>decisione</span> <span class='ocrx_word' id='word_1_290' title='bbox 766 3346 885 3405; x_wconf 82' lang='lat' dir='ltr'>I7I.ubi</span> <span class='ocrx_word' id='word_1_291' title='bbox 900 3345 1035 3405; x_wconf 80' lang='lat' dir='ltr'>abbrevi-</span> 
     </span>
     <span class='ocr_line' id='line_1_40' title="bbox 10 3425 1035 3503; baseline 0.001 -19"><span class='ocrx_word' id='word_1_292' title='bbox 10 3470 13 3478; x_wconf 89' lang='lat'>.</span> <span class='ocrx_word' id='word_1_293' title='bbox 89 3426 154 3485; x_wconf 80' lang='lat' dir='ltr'>atio</span> <span class='ocrx_word' id='word_1_294' title='bbox 168 3445 226 3483; x_wconf 92' lang='lat' dir='ltr'>uon</span> <span class='ocrx_word' id='word_1_295' title='bbox 238 3435 337 3503; x_wconf 89' lang='lat' dir='ltr'>potest</span> <span class='ocrx_word' id='word_1_296' title='bbox 349 3427 465 3485; x_wconf 87' lang='lat' dir='ltr'>afficere</span> <span class='ocrx_word' id='word_1_297' title='bbox 478 3426 571 3503; x_wconf 88' lang='lat' dir='ltr'>ipsam</span> <span class='ocrx_word' id='word_1_298' title='bbox 586 3425 809 3503; x_wconf 87' lang='lat' dir='ltr'>dispositionem</span> <span class='ocrx_word' id='word_1_299' title='bbox 824 3444 888 3484; x_wconf 87' lang='lat' dir='ltr'>eam</span> <span class='ocrx_word' id='word_1_300' title='bbox 908 3425 1035 3485; x_wconf 87' lang='lat' dir='ltr'>diminu-</span> 
     </span>
     <span class='ocr_line' id='line_1_41' title="bbox 10 3503 1037 3584; baseline 0 -19"><span class='ocrx_word' id='word_1_301' title='bbox 10 3520 19 3557; x_wconf 86' lang='grc'>’-</span> <span class='ocrx_word' id='word_1_302' title='bbox 89 3503 1037 3584; x_wconf 79' lang='lat' dir='ltr'>eudo,augendoautimmutaudo,sedsolumapplicabilisestt&#39;td</span> 
     </span>
     <span class='ocr_line' id='line_1_42' title="bbox 10 3583 1027 3663; baseline 0.006 -24"><span class='ocrx_word' id='word_1_303' title='bbox 10 3602 20 3639; x_wconf 76' lang='lat' dir='ltr'>s</span> <span class='ocrx_word' id='word_1_304' title='bbox 88 3583 237 3644; x_wconf 77' lang='lat' dir='ltr'>clausulas</span> <span class='ocrx_word' id='word_1_305' title='bbox 250 3585 582 3663; x_wconf 86' lang='lat' dir='ltr'>consuetas,solitasque</span> <span class='ocrx_word' id='word_1_306' title='bbox 595 3583 683 3663; x_wconf 90' lang='lat' dir='ltr'>adjici</span> <span class='ocrx_word' id='word_1_307' title='bbox 698 3585 735 3643; x_wconf 89' lang='lat' dir='ltr'>de</span> <span class='ocrx_word' id='word_1_308' title='bbox 746 3585 824 3661; x_wconf 83' lang='lat' dir='ltr'>stylo</span> <span class='ocrx_word' id='word_1_309' title='bbox 830 3583 1027 3645; x_wconf 76' lang='lat' dir='ltr'>Notariorum</span> 
     </span>
     <span class='ocr_line' id='line_1_43' title="bbox 91 3661 908 3745; baseline -0.001 -21"><span class='ocrx_word' id='word_1_310' title='bbox 91 3675 157 3725; x_wconf 89' lang='lat' dir='ltr'>tum</span> <span class='ocrx_word' id='word_1_311' title='bbox 170 3674 380 3725; x_wconf 84' lang='lat' dir='ltr'>testamentum</span> <span class='ocrx_word' id='word_1_312' title='bbox 390 3663 532 3726; x_wconf 85' lang='lat' dir='ltr'>iudanon</span> <span class='ocrx_word' id='word_1_313' title='bbox 547 3663 653 3745; x_wconf 83' lang='lat' dir='ltr'>subjici</span> <span class='ocrx_word' id='word_1_314' title='bbox 665 3664 740 3727; x_wconf 77' lang='lat' dir='ltr'>titio</span> <span class='ocrx_word' id='word_1_315' title='bbox 753 3661 908 3723; x_wconf 85' lang='lat' dir='ltr'>uullitutis.</span> 
     </span>
    </p>
   </div>
   <div class='ocr_carea' id='block_1_3' title="bbox 0 0 1084 4034">
    <p class='ocr_par' dir='ltr' id='par_1_3' title="bbox 0 0 1084 4034">
     <span class='ocr_line' id='line_1_44' title="bbox 0 0 1084 4034; baseline 0 0"><span class='ocrx_word' id='word_1_316' title='bbox 0 0 1084 4034; x_wconf 95' lang='lat' dir='ltr'> </span> 
     </span>
    </p>
   </div>
  </div>
 </body>
</html>
