2160 4034
254 209 259 216 .
327 177 371 220 nn
391 173 472 221 June
492 173 534 218 nr
554 160 708 220 sasima
946 161 1001 221 167

49 281 123 356 [nod
133 283 177 344 sit
189 283 248 354 fur,
269 282 432 342 eonvioium
457 290 489 341 et
509 281 716 340 contumeliam
740 279 830 352 saeit3
850 279 903 341 aed
923 279 998 360 obji-

49 356 131 421 tiens
145 363 245 434 aliani,
266 361 346 440 quod
361 363 400 421 sit
413 360 596 441 illegitimos,
610 361 755 440 stupidus,
769 379 874 434 amous,
894 360 1003 434 calvus,

49 436 99 499 bo.
120 441 197 503 feeit
210 441 385 512 oourieium,
405 460 465 499 non
479 439 696 499 contumeliam.

49 538 54 547 ·
86 517 151 579 ΙΙΙ.
174 519 392 601 Improperium
405 529 460 590 est,
481 518 551 577 dum
572 519 658 579 alieni
679 518 819 598 objicitur
831 539 885 579 sna
903 520 998 581 miuo-

49 598 123 658 ratio
136 600 187 660 vel
201 600 374 678 indigentia,
388 609 423 659 ut
432 599 458 657 si
471 598 557 657 alteri
569 596 689 677 objicias
700 619 783 658 suam
793 609 999 678 paupertatem

51 676 96 736 rel
110 679 268 750 auxilium,
283 677 362 756 quod
377 678 406 738 ei
419 676 583 756 praestitisti
597 677 626 736 in
637 678 831 747 necessitate;
851 679 893 737 sio
906 678 999 738 Eooli.

53 774 112 851 etp.
120 761 172 818 20.
182 760 219 819 de
229 758 451 836 improperante
460 756 587 833 dieitur}
602 766 620 795 “
631 757 752 837 Exigua
763 756 853 830 dabit,
865 766 896 817 et
905 758 998 818 multa

54 841 72 872 “
82 837 323 918 improperabit?

60 972 65 979 .
85 917 178 977 Putat
201 917 321 976 interim
348 915 476 995 Sylvius,
498 916 560 975 haee
573 915 632 974 tria
646 915 721 975 vitia
734 915 853 995 quidem
874 915 995 977 differre

49 1012 87 1071 ¹oar
124 1007 192 1056 arto
213 996 356 1066 materiae,
377 994 510 1074 ejusdem
524 1005 622 1054 tamen
638 1014 702 1054 esse
716 995 844 1073 spetiei:
864 1004 995 1056 attamen

60 1015 174 1152 qualltas
188 1076 256 1135 vitii
270 1073 379 1154 objecti
393 1075 424 1132 in
438 1075 622 1135 confessione
636 1074 746 1153 exponi
760 1073 857 1146 debet,
879 1072 996 1153 quau'do

59 1153 223 1216 notabiliter
233 1165 324 1232 auget
337 1153 611 1213 dehonorationem.

87 1234 249 1307 Quomodo
264 1231 443 1292 contumelia
457 1233 558 1293 differt
572 1234 590 1291 d
603 1231 808 1310 blasphemia?

85 1312 144 1374 lv.
166 1314 208 1374 R.
229 1314 312 1373 Siout
325 1331 420 1391 genus
434 1313 570 1391 dspeaie,
585 1332 637 1372 sen
648 1313 723 1371 sieut
732 1312 827 1391 magis
841 1330 995 1372 commune

49 1393 172 1453 'amiude
187 1392 353 1461 eommuni;
374 1392 443 1470 quia
456 1393 551 1451 omnis
562 1390 744 1471 blasphemia
757 1400 803 1451 est
816 1391 995 1450 contumelia

51 1470 71 1528 in
85 1472 190 1531 Deum
203 1471 252 1532 vel
267 1472 400 1541 Sanetus,
421 1482 511 1550 prout
521 1469 631 1531 habeut
643 1471 818 1530 relationem
832 1470 870 1530 ad
884 1471 993 1530 Deum.

52 1568 56 1581 ’
77 1551 244 1626 Quomodo
257 1550 436 1610 contumelia
457 1551 577 1611 differat
589 1571 607 1608 a
621 1549 813 1623 detractione,
840 1549 991 1609 videbitur

49 1630 131 1690 iufra.

49 1789 81 1850 N.
100 1792 152 1850 95.
195 1790 256 1852 DE
276 1790 509 1854 DIVISIONE
528 1790 586 1853 ΕΤ
608 1787 869 1852 GRAVITATE
889 1785 990 1848 coN-

409 1872 633 1933 TUMELIAE.
731 1886 733 1890 ·
771 1878 774 1883 ’

49 1987 69 2047 ι.
87 1988 246 2047 uacuam
267 1991 301 2046 a
321 1990 475 2066 emptam
496 1990 523 2063 a,
543 1990 747 2047 dornomiam.
801 1988 844 2046 11.
866 1987 939 2047 Iam
960 1991 992 2046 a

70 2066 229 2146 ‚hamelen
249 2067 275 2143 Sp
293 2066 473 2126 materialem.
515 2066 576 2126 111.
601 2065 653 2125 Ee
670 2085 837 2142 penarauco
856 2066 994 2127 menualia.

82 2144 148 2207 lv,
172 2146 572 2220 Quondonomininda'aiduo.
612 2146 652 2207 V.
670 2146 992 2206 circumstantiarum·

56 2225 192 2286 dende.
232 2225 289 2286 VI.
316 2225 479 2305 Dupliciter
494 2225 539 2304 fit
549 2225 677 2285 venialia.

85 2345 313 2422 QUOMODO
328 2347 474 2407 dividitur
486 2346 688 2407 contumelia?

83 2424 108 2487 l.
129 2426 170 2486 R„
192 2426 261 2486 Una
271 2426 379 2486 dieitur
393 2426 528 2505 simplex,
543 2420 608 2505 quaa
621 2446 679 2485 non
694 2424 820 2485 involvit
833 2425 991 2488 detractio·

49 2523 118 2576 uem,
140 2504 201 2564 aliu
223 2505 332 2564 dieitur
345 2506 533 2576 detractoria,
550 2525 614 2585 quae
630 2505 763 2565 eontinet
775 2504 861 2563 simul
875 2505 987 2564 detran-

49 2586 166 2656 tionem,
187 2604 217 2643 v.
238 2605 268 2664 g.
294 2586 354 2666 qod
374 2584 572 2665 exprobratur
595 2584 705 2644 crimen
722 2584 877 2656 oecultum,
904 2584 990 2643 simul

49 2662 154 2725 latens
163 2663 272 2724 famam
286 2671 311 2724 ἃ
325 2665 477 2725 honorem.
907 2690 910 2695 ·

81 2742 124 2804 ΙΙ.
147 2742 178 2802 Α
200 2743 374 2823 quibusdam
394 2744 452 2804 alia
475 2743 583 2804 dieitur
603 2742 781 2803 contumelia
800 2742 989 2815 “formalia''

50 2841 104 2903 qua
120 2832 169 2883 est
189 2822 270 2882 laesio
285 2823 406 2884 honoris
420 2823 532 2883 dis-eote
543 2824 673 2883 intenta:
693 2822 751 2881 alia
770 2830 789 2861 “
800 2822 988 2895 materialis,”

50 2920 104 2981 qum
118 2903 253 2962 eontinet
263 2902 412 2962 laesionem
422 2903 552 2975 honoris,
566 2923 625 2962 non
636 2901 759 2983 quidem·
767 2902 878 2961 directe
891 2903 987 2961 iotan-

50 2980 122 3052 tism,
135 2980 199 3048 ,sed
212 2991 311 3040 tamen
325 2982 520 3042 voluntariam
534 2989 559 3042 ἃ
572 2983 814 3061 peccaminosam,
834 3001 863 3040 v.
876 3001 905 3060 g,
948 2981 986 3040 aa

50 3061 179 3138 garrulus
194 3080 233 3121 ex
245 3061 463 3122 inadvertentiu
476 3057 612 3141 culpabili
626 3061 753 3121 alienum
763 3060 904 3121 honorem
914 3001 986 3120 dia·

51 3151 132 3200 demi·
536 3176 546 3206 a

79 3220 215 3298 Assigna
228 3222 435 3281 contumeliam
449 3222 512 3282 sine
525 3220 717 3293 detractione,
738 3221 765 3280 tir
779 3230 890 3280 contra.

79 3298 119 3360 R.
134 3300 168 3360 si
181 3299 247 3378 qnis
257 3299 397 3379 injuriose
407 3302 552 3381 impingat
562 3300 675 3380 alapam
684 3320 817 3379 personae
827 3300 987 3368 honorate,

49 3376 121 3438 ladit
131 3380 199 3458 ejus
213 3379 366 3452 honorem,
379 3401 439 3441 non
449 3382 576 3441 famam:
597 3391 628 3440 et
642 3385 754 3451 contra,
768 3379 836 3438 dum
848 3377 913 3457 quis
926 3395 987 3435 ma·

49 3457 164 3518 oifestat
188 3458 322 3520 defectus
344 3462 473 3521 occultos
496 3480 629 3538 personae
650 3459 789 3530 absentis,
816 3457 898 3516 laedit
923 3455 988 3534 ejus

49 3537 159 3632 umam,
181 3538 234 3597 aed
258 3559 317 3598 noo
342 3559 457 3619 semper
481 3539 634 3599 honorem.
676 3541 760 3620 Saepe
784 3535 901 3598 iuterim
925 3534 989 3595 haeo
1007 3582 1020 3635 Ι

49 3628 111 3675 nna
123 3629 315 3678 concurrunt.

81 3694 137 3756 Oui
151 3697 258 3757 virtuti
272 3698 433 3778 opponitur
446 3697 648 3760 contumelia?
