2160 4034
341 190 385 233 nn
404 189 654 235 cosrnacrneus.
914 181 973 239 337

39 290 119 356 lebet
129 305 230 355 tamen
243 293 282 354 de
294 295 393 373 pretio
405 293 549 366 minuere,
574 292 678 374 quanti
691 312 740 353 rea
760 294 884 356 minoris
896 298 976 358 valet

39 385 154 454 rropter
165 375 290 434 vitiumr
304 375 381 434 ratio
393 385 448 445 est,
459 374 538 453 quod
549 384 620 434 tuno
627 384 763 434 servatur
771 373 872 435 debita
880 395 976 455 requa-

39 453 96 515 ἰὴ·
106 456 187 514 inter
197 455 327 533 pretium
336 456 508 523 tamarcem,
517 453 672 513 necullum
681 453 818 513 damnum
830 468 976 515 causatur.

67 534 216 603 Similiter
229 535 256 593 si
268 532 374 592 vitium
388 533 433 592 rei
444 533 485 592 sit
494 543 641 612 apertum,
660 553 725 593 nou
738 532 828 593 debet
837 535 975 595 venditor

39 611 100 672 liud
126 613 279 673 declarare
301 613 400 672 salum
421 633 456 672 ea
475 612 606 684 luentia,
632 613 723 671 modd
736 612 878 691 procedat
898 613 975 675 boni

39 692 86 752 ide
100 694 200 753 &sine
209 691 406 763 simulatione,
420 711 476 751 nec
486 692 703 771 roneatpluris,
716 711 805 770 quum
818 707 867 752 res
879 693 975 755 valeat

39 780 144 830 atento
159 772 243 831 vitio.
284 772 418 831 Tenetur
431 779 529 831 tamen
545 771 721 853 quaudoque
738 770 846 831 vitium
858 773 975 850 aperire

39 851 219 922 redemta,
234 870 262 908 r.
271 871 301 928 g.
312 851 381 909 dum
396 849 480 909 videt
490 862 655 928 emptorem
669 870 708 910 ex
718 870 772 909 sua
785 851 974 929 simplicitate

39 929 133 990 dnou
148 930 316 1000 advertere,
338 930 467 1010 indeque
485 930 670 989 incursurum
682 929 805 1011 aliquod
818 930 975 991 damnum:

39 1009 105 1069 etio
119 1020 168 1070 est
190 1010 260 1091 quia
274 1009 422 1079 damnum,
447 1009 472 1067 si
507 1011 566 1068 uod
580 1009 611 1067 iu
625 1029 695 1068 casu
708 1009 822 1069 oriatur
836 1011 974 1088 emptori,

40 1108 81 1147 on
98 1099 203 1167 potest
213 1087 340 1164 adscribi
352 1084 422 1147 dolo
430 1029 604 1159 venditoris,
611 1088 665 1149 sed
679 1088 975 1172 imprudentiaeemp·

39 1168 109 1238 sris,
127 1188 216 1247 quam
230 1168 380 1244 corrigere
394 1178 440 1226 est
454 1168 580 1226 officium
595 1169 757 1228 charitatis.
778 1173 780 1176 ’

60 1247 129 1306 ΙΙΙ.
150 1251 198 1305 3⁰.
220 1248 252 1307 Si
274 1247 448 1307 vitiumrei
470 1247 583 1307 venalis
606 1248 646 1307 sit
660 1247 816 1318 occultum,
843 1248 972 1309 &simul

39 1327 157 1406 mptori
166 1328 304 1386 nocivum
314 1325 582 1464 vffierieulosum,
595 1337 716 1386 tenetur
725 1327 872 1400 venditor,
883 1327 974 1386 etiam

39 1415 84 1466 on
106 1407 320 1484 interrogatus,
388 1427 405 1465 e
428 1407 533 1464 vitium
548 1426 588 1466 ex
606 1405 725 1484 justitia
738 1407 875 1485 aperires
894 1408 972 1467 ratio

39 1495 82 1555 st,
106 1486 188 1567 qudd
201 1489 232 1544 in
245 1504 315 1544 casu
329 1485 479 1556 damnum,
506 1504 566 1544 nou
589 1485 629 1544 im
652 1485 796 1546 rudentim
817 1487 971 1565 emptoris,

39 1564 79 1624 ed
94 1565 264 1644 deceptioni
282 1565 447 1624 venditoris
467 1564 594 1622 adscribi
639 1564 717 1625 abet.
758 1564 847 1626 Unde
861 1567 891 1628 in
904 1584 975 1624 casu

39 1643 168 1704 'auditor
180 1656 301 1704 tenetur
312 1664 452 1722 reparare
466 1644 564 1703 omnia
577 1643 693 1714 damna,
706 1663 772 1725 quae
787 1664 826 1703 ex
840 1644 891 1704 illa
904 1664 975 1704 ven·

39 1724 144 1784 titione
164 1725 292 1802 emptori
307 1723 413 1783 oborta
426 1734 513 1782 sunt:
535 1743 569 1781 ac
582 1724 703 1802 insuper
713 1733 816 1782 contra
824 1723 975 1802 justitiam

39 1804 171 1874 sacravit,
192 1805 218 1861 si
232 1824 290 1861 non
308 1803 480 1863 diminuerit
495 1804 532 1862 de
545 1802 653 1882 pretio,
671 1803 774 1882 quanti
789 1823 837 1863 res
850 1803 975 1863 minoris

39 1882 147 1942 'alebat
160 1881 197 1942 ob
219 1883 325 1940 vitium
338 1882 442 1941 latens.

58 1962 152 2025 Nota
165 1982 204 2020 ex
220 1962 250 2021 S.
265 1962 391 2032 Thomu,
410 1979 475 2020 rem
488 1980 548 2020 non
562 1961 676 2020 censeri
689 1961 810 2022 noxiam
820 1971 872 2022 aut
884 1961 976 2020 inuti·

38 2061 86 2100 em
100 2041 229 2119 emptori
244 2061 281 2099 ex
296 2061 342 2112 eo,
367 2040 446 2120 quod
460 2060 496 2099 ea
515 2060 575 2099 non
589 2041 683 2119 possit
696 2041 741 2100 uti
755 2041 793 2102 ad
805 2041 880 2101 fines
893 2060 972 2110 suos,

39 2121 118 2180 uodo
134 2122 260 2180 sinesuo
274 2120 455 2200 gravamine,
465 2119 556 2179 etiam
568 2120 687 2180 detecto
696 2120 780 2195 vitio,
790 2121 885 2201 possit
895 2119 975 2181 illam

39 2200 133 2274 rodem
146 2202 245 2280 pretio
260 2199 389 2263 vendere
402 2199 478 2272 aliis,
492 2197 599 2277 quibus
612 2199 694 2259 utilis
704 2209 760 2260 est.
804 2253 807 2260 .

208 2379 249 2439 N.
270 2381 318 2436 35.
360 2377 420 2437 DE
441 2376 794 2438 NEGO‘I'IATIONE.

243 2501 279 2561 S.
298 2500 396 2561 Thom.
411 2503 439 2559 2.
453 2499 482 2559 2.
494 2509 592 2578 quest
606 2501 654 2558 77.
666 2509 722 2559 art.
735 2501 765 2558 4.

39 2621 54 2679 [.
74 2621 238 2715 Martiano
279 2619 321 2679 ΙΙ.
341 2619 497 2678 Eatlicita.
538 2616 976 2712 111.123’nscitut.1v.hfn

67 2695 974 2916 mmmmm

157 2877 231 2916 eun.
836 2877 838 2881 ·

67 2977 182 3052 QUID
198 2986 244 3036 est
256 2976 447 3054 negotiatio?

67 3057 94 3116 I.
106 3057 147 3117 R.
159 3057 216 3115 Est
224 3056 311 3126 actio,
323 3053 455 3192 quapuia
466 3052 522 3113 sibi
532 3069 645 3112 merces
658 3062 810 3130 comparat
818 3072 855 3113 eo
865 3057 973 3128 animo,

39 3146 62 3196 rt
72 3155 124 3196 eas
138 3137 308 3194 immutatus
322 3153 387 3193 cum
415 3151 485 3193 uero
499 3132 609 3192 vendat
622 3142 673 3191 aut
686 3141 847 3210 permutet.

68 3216 152 3276 Hinc
165 3236 223 3274 non
238 3226 285 3275 est
298 3213 473 3291 negotiatio,
497 3213 522 3272 si
535 3212 602 3293 quis
615 3210 727 3289 aliquid
738 3222 818 3281 emat
831 3212 897 3271 usui
910 3232 974 3283 suo,

38 3294 98 3354 icet
123 3295 196 3355 illud
218 3305 322 3373 postea
342 3302 457 3352 mutata
483 3291 637 3351 voluntate
652 3290 762 3350 vendat
784 3310 850 3349 cum
871 3291 973 3352 lucro:

39 3393 126 3452 reque
138 3385 183 3434 est
196 3373 362 3452 negotiatio
376 3373 479 3431 stricte
492 3371 581 3440 diota,
592 3371 618 3428 si
631 3369 698 3449 quia
712 3380 791 3430 emat
804 3387 832 3428 v.
842 3388 872 3446 g.
883 3368 974 3430 bores

39 3472 155 3524 necros,
170 3464 203 3511 ut
217 3453 416 3530 impinguatos
430 3450 583 3510 revendat.

69 3533 122 3591 An
137 3533 301 3609 negotiatio
315 3544 361 3590 est
378 3530 482 3589 licita?

70 3611 115 3670 11.
136 3612 175 3671 Β.
196 3610 394 3681 Affirmative,
416 3619 451 3668 ut
464 3617 629 3669 constater
641 3605 788 3667 communi
800 3604 934 3666 doctrina
948 3609 974 3668 δι

39 3690 357 3754 uuunirersalizrstio
368 3697 495 3764 estesru
505 3707 569 3753 esse
579 3685 746 3767 reipublice
756 3683 977 3765 ejusquemorn·
1044 3676 1055 3767 Ι
