2160 4034
332 140 377 182 na
396 139 477 183 runa
497 139 540 182 rr
559 139 715 184 rusrrrrr.
946 133 1001 195 141

86 248 179 309 Alter
192 244 372 326 participans
386 246 416 304 in
431 246 547 305 actione
566 246 679 323 injusta
691 255 747 318 est,
771 247 823 329 qui
836 249 945 310 actioni
958 252 1002 313 iu-

47 327 134 407 justas
156 346 211 405 per
233 326 354 385 modum
376 345 541 384 con-causas
559 326 712 385 efficientis
726 338 911 405 cooperatur.
953 332 1003 392 Sic

52 408 85 466 ad
95 406 310 487 lapidationem
325 405 468 481 Stephani
483 405 589 464 Actor.
611 425 673 483 cap.
688 408 716 464 7.
735 406 777 466 V.
790 410 839 465 57.
854 411 1003 471 concurrit

26 514 29 523 ·
53 487 168 558 Saulus,
184 497 217 544 ut
231 484 357 543 reflectit
370 485 399 544 S.
414 484 602 561 Augustinus
613 503 701 544 serm.
716 487 763 544 14.
783 495 801 524 “
812 485 850 546 de
860 487 1002 550 Sanctis.”

9 578 28 619 r!
87 564 182 626 Tales
196 565 286 624 etiam
300 572 378 632 sunt,
400 564 450 641 qni
468 563 584 623 furibus
605 563 747 623 assistunt
768 566 927 642 aperiendo
950 569 1002 629 do-

9 659 25 694 ‘u
48 664 141 716 mum,
156 644 347 721 infringendo
361 663 488 713 murum,
502 642 596 702 scalas
606 642 830 716 commodando,
844 648 1001 722 portando,

47 723 225 783 sustinendo
259 722 307 781 vel
333 721 518 800 applicando,
553 722 674 800 vigilem
702 733 753 782 aut
780 723 1001 801 exploratorem

9 814 21 881 t
44 803 179 881 agendo,
200 802 314 880 praedas
328 801 492 872 evehendo,
506 801 603 860 claves
624 801 806 862 adulterinas
819 801 1000 878 fabricando,

11 896 17 963 t
42 883 121 943 item
135 881 338 941 usurariorum
349 881 533 963 aliorumque
551 881 729 960 injustorum
751 882 894 942 factorem
911 904 1000 964 ugen-

9 968 15 993 ·'
42 962 85 1023 do
127 963 179 1020 &a

9 998 13 1077 l
86 1005 206 1103 ’Omnes
229 1040 399 1118 hujusmodi
421 1041 452 1098 in
475 1039 594 1099 actione
614 1038 726 1119 injusta
737 1040 949 1120 participantes
962 1043 1001 1104 ad

45 1122 273 1181 restitutionem
288 1120 392 1189 terreri,
413 1129 551 1197 apertum
564 1129 621 1179 cst.

86 1201 140 1259 An
156 1201 262 1268 omnis,
284 1199 334 1277 qui
348 1210 470 1275 praestat
480 1199 623 1258 auxilium
639 1198 774 1277 operanti
789 1199 908 1279 injuste,
932 1221 999 1279 par·

47 1280 158 1356 ticipat
171 1279 200 1337 in
215 1279 333 1337 actione
346 1277 458 1354 injusta
470 1278 549 1337 etad
563 1278 781 1355 restitutionem
796 1283 938 1342 tenetur?

86 1360 129 1419 R.
151 1358 318 1436 Negative:
340 1359 409 1434 quia
422 1358 487 1416 fieri
501 1368 610 1436 potest,
631 1367 664 1416 ut
678 1358 819 1416 auxilium
835 1363 998 1437 prestitum

45 1439 91 1498 nil
102 1438 220 1507 efficiat,
231 1456 286 1495 nec
296 1436 399 1495 influat
408 1437 436 1494 in
449 1436 635 1514 injustitiam,
656 1456 684 1495 v.
697 1456 727 1515 g.
754 1437 778 1495 si
798 1438 927 1498 famulus
946 1460 1001 1499 nu·

10 1520 13 1569 i
44 1528 146 1581 meret
160 1517 307 1594 pecunias,
328 1537 401 1597 quas
415 1517 552 1575 dominus
562 1516 685 1575 daturus
699 1517 795 1575 estad
810 1537 923 1576 usuras.

88 1596 236 1657 Similiter
251 1616 308 1653 non
324 1606 452 1665 tenetur,
464 1596 489 1652 si
503 1594 642 1654 damnum
658 1606 799 1676 sequatur
813 1616 851 1655 ex
865 1597 928 1656 sola
941 1618 1002 1658 ma-

48 1676 114 1735 litia
128 1675 289 1754 operantis,
309 1674 458 1732 abutentis
468 1673 590 1744 auxilio,
601 1674 681 1752 quod
695 1675 723 1734 ei
738 1674 775 1734 ob
784 1676 899 1753 justum
911 1677 1000 1737 finem

50 1756 227 1836 praestitiam
249 1755 316 1822 fuit,
348 1756 373 1812 8ι
397 1752 481 1832 cujus
507 1753 615 1812 abusus
637 1773 696 1812 non
723 1755 822 1831 potuit
847 1756 1007 1826 moraliter,

48 1833 221 1914 praevideri3
249 1845 282 1892 ut
297 1833 365 1891 darm
388 1835 453 1910 quis
468 1832 533 1891 viro
552 1833 676 1910 integrm
689 1833 775 1892 famae
789 1835 891 1894 vendit
910 1855 999 1896 vene·

47 1934 126 1984 num,
150 1933 209 1992 quo
224 1914 248 1972 is
263 1911 351 1971 alium
366 1912 515 1971 interficit.
557 1913 605 1971 Ita
627 1914 715 1972 etiam
738 1923 916 1973 excusantur
928 1934 1000 1976 ven-

52 1993 157 2053 dentes
172 1992 299 2062 taxillus,
322 1991 501 2062 chartifolia,
522 1992 574 2050 duc.

87 2073 148 2134 VI.
171 2072 290 2130 Pariter
300 2072 325 2129 si
336 2071 491 2141 auxilium,
512 2071 592 2150 quod
603 2071 785 2131 malefactori
794 2083 924 2150 pra-stat,
939 2092 998 2134 ιιοιι

52 2153 194 2211 consistat
202 2153 231 2209 in
243 2163 309 2209 actu
320 2151 646 2210 immediatdcausatiro
655 2151 816 2229 injustitia,
823 2153 874 2211 sed
884 2154 999 2213 tantum

53 2231 201 2291 mediante
226 2231 338 2289 malitia
361 2230 569 2299 malefactoris,
601 2230 651 2311 qui
676 2232 768 2289 scitur
789 2251 826 2290 eo
849 2233 999 2294 mediante

10 2342 16 2353 ·
54 2310 320 2379 damnificationem
336 2308 476 2386 injustam
490 2309 643 2378 illaturus3
663 2320 734 2368 tunc
748 2310 773 2368 si
783 2311 833 2369 illa
844 2312 921 2372 actio
932 2333 1001 2372 cuu-

10 2422 16 2432 ·
53 2391 125 2450 ierat
148 2391 189 2448 ad
213 2389 490 2458 damnificationem,
510 2388 730 2448 malefactorem
743 2390 924 2463 facilitando,
948 2404 1000 2451 aut

51 2469 255 2539 assecuranda
277 2471 319 2526 sic
332 2469 486 2527 conferens
499 2468 643 2527 auxilium
657 2468 835 2546 regulariter
853 2470 890 2529 ad
912 2473 1000 2531 resti-

10 2568 18 2602 ι
53 2551 198 2610 tutionem
213 2559 342 2607 tenetur.

11 2648 20 2681 ι
82 2628 147 2689 Sed
170 2628 326 2686 difficultas
349 2637 404 2696 est,
425 2627 498 2704 quid
519 2627 715 2706 judicandum
741 2629 779 2687 sit
801 2628 922 2700 dalilis,
946 2630 998 2708 qui

11 2733 22 2758 ‚-
51 2719 130 2768 metu
155 2709 271 2777 mortis,
301 2706 349 2764 vel
373 2707 496 2764 alterius
516 2707 616 2784 gravis
640 2707 709 2764 mali
733 2708 866 2786 quaedam
889 2709 1001 2768 auxilia

10 2806 22 2850 ι
51 2797 193 2864 praestant
203 2787 451 2856 malefactoribus,
473 2806 499 2844 v.
513 2807 543 2864 g.
562 2787 749 2846 commodant
763 2786 865 2858 scalas,
885 2807 936 2847 ecs
949 2789 1000 2849 de·

12 2884 22 2918 r
51 2867 160 2935 lerunt,
182 2867 278 2924 furem
294 2876 469 2935 sustentant,
493 2867 566 2926 &ci

88 2946 168 3006 VII.
190 2945 229 3004 R.
251 2946 281 3004 Si
307 2945 367 3003 talo
389 2945 531 3004 auxilium
553 2965 608 3023 per
628 2965 660 3004 se
680 2954 711 3003 et
725 2946 809 3023 quasi
831 2946 1000 3007 immediate

51 3025 155 3084 tendat
170 3024 207 3082 ad
222 3026 314 3102 ipsam
329 3025 476 3082 actionem
486 3026 625 3102 injustam
639 3024 849 3095 meditandam,
871 3036 904 3083 ut
917 3046 1000 3086 ever·
1071 3065 1073 3069 -

11 3120 16 3157 ι
50 3116 114 3165 tere
138 3124 251 3173 muros,
273 3105 371 3181 ignem
393 3105 422 3161 in
437 3124 573 3162 acervum
589 3104 745 3181 conjicere,
766 3105 915 3163 furantem
939 3125 1001 3165 sus·

46 3195 181 3253 tentare,
202 3188 253 3241 &a
274 3184 333 3241 tale
351 3182 494 3241 auxilium
518 3194 692 3261 praestantes
713 3205 769 3242 nec
790 3195 872 3243 metu
896 3187 1001 3244 mortis

51 3273 242 3332 excusantur,
264 3265 334 3339 quia
356 3264 488 3321 actiones
509 3263 566 3322 illae
591 3273 681 3340 prout
705 3263 752 3321 hic
776 3275 806 3322 et
826 3283 903 3322 nrrnc
916 3264 1000 3333 fiunt,

50 3352 119 3401 sunt
132 3363 206 3401 vera
220 3343 390 3418 cooperatio
406 3341 568 3419 injustitiae,
588 3341 722 3423 adeoque
734 3344 891 3402 intrinsece
906 3342 1000 3414 malm,

50 3423 153 3501 sicque
168 3421 249 3479 nullo
264 3421 322 3478 fine
336 3420 522 3479 cohonestari
533 3431 665 3499 possunt.

88 3501 185 3562 VIII.
208 3502 237 3560 Si
254 3503 324 3558 vero
339 3501 396 3560 illae
410 3500 541 3559 actiones
555 3521 613 3560 non
623 3503 682 3560 sint
697 3501 734 3560 de
745 3521 776 3561 se
790 3513 820 3561 et
834 3500 1002 3562 immediate

11 3634 13 3663 Ι
50 3580 1002 3660 damuiiicativm,sedquasiindifferentes‚utcommodarescalas,

11 3682 14 3695 ¹
51 3680 101 3720 eas
125 3659 255 3736 deferre,
275 3661 327 3721 &c
355 3671 425 3720 tunc
447 3669 554 3738 putant
578 3660 697 3736 Hanno,
726 3659 863 3732 Billuart,
891 3659 1002 3742 aliique

995 3766 1002 3805 ι

1003 3614 1033 3806 l
