2182 4036
340 118 384 159 on
403 116 485 160 runs
505 116 547 160 nu
568 116 723 161 rusorum.
982 108 1021 166 73

52 220 215 292 uideatur,
236 219 262 281 si
275 220 363 301 plena
383 223 477 283 totius
499 221 599 281 damni
621 222 687 283 fieri
714 223 838 284 deberet
857 227 1020 292 restitutio.

55 302 138 362 Esto
164 302 269 371 etiam,
290 302 370 381 qubd
396 301 482 379 eulpa
504 302 543 360 sit
566 303 683 362 tautum
704 312 723 343 “
737 304 868 364 conditio
883 306 946 366 sina
961 330 1019 388 qua

54 388 73 423 ‘⁴
86 381 185 453 nou‚‘'
207 380 266 440 dici
279 391 379 460 potest
393 392 489 441 totum
513 400 577 441 esse
596 383 822 454 restituendum,
844 384 869 442 si
883 388 1019 450 voluntas

54 460 156 523 inerit
169 459 259 538 plane
270 459 441 532 deliberata,
462 460 535 520 alias
545 480 614 519 uon.

96 539 166 599 lx„
181 539 263 598 Hine
277 540 429 600 Bouacina
437 546 463 600 a
474 539 572 600 Collet
580 552 736 601 recurrunt
746 541 782 600 ad
793 543 1018 607 aestimationem

74 618 257 689 rudentum,
284 618 454 700 dicuntque,
482 619 597 698 quidsi
612 616 716 680 morali
724 620 839 699 judicio
853 642 921 700 pars
934 630 1018 685 notu·

55 636 129 757 lilio
141 699 244 757 damni
258 698 332 758 illati
343 700 506 777 imputetur
516 719 611 760 causes
624 701 781 760 venialiter
794 701 886 772 malae,
901 704 951 763 illa
962 707 1015 764 sub

57 779 150 856 gravi
177 778 219 836 sit
240 778 425 838 restituenda
436 778 489 838 r'si
503 789 602 839 autem
616 779 667 838 isti
688 800 783 840 causaa
794 783 909 842 tautum
922 783 1018 863 impu·

58 867 146 918 tetur
159 876 230 936 pars
243 857 326 928 levis,
347 858 409 918 haec
419 857 473 918 sub
486 857 545 916 levi
557 860 596 917 sit
609 859 800 919 restituenda.
839 930 843 935 Ι

98 936 189 1010 Quid
204 936 345 1014 igiturex
357 937 459 1016 iispro
473 938 559 1016 praxi
569 938 780 1001 statuendum?

98 1017 147 1076 X.
169 1017 209 1076 R.
233 1017 389 1094 Optimum
403 1028 457 1088 est,
477 1037 543 1076 rem
555 1018 701 1077 amicabili
726 1020 924 1079 transactione
937 1042 1016 1082 com·

57 1112 195 1173 panere3
215 1095 295 1175 qudd
316 1097 341 1155 si
365 1096 571 1175 compositioni
592 1096 674 1156 locus
698 1099 818 1168 nonsit,
840 1099 933 1158 tutius
954 1122 1013 1160 nou

60 1174 184 1235 ridetur
195 1175 313 1234 suaderi
325 1195 413 1254 posse
426 1177 457 1235 in
470 1176 565 1255 praxi,
577 1178 666 1254 quam
676 1186 710 1234 ut
718 1177 786 1237 talis
795 1179 884 1237 faciat
895 1181 1015 1238 restitu-

56 1252 176 1316 tionem
185 1253 276 1334 juxta
284 1255 508 1315 aestimationem
518 1256 707 1333 prudentum,
713 1258 763 1335 qui
772 1277 836 1316 rem
847 1276 885 1316 ex
895 1262 1014 1336 equo&

60 1332 140 1395 bono
168 1333 366 1406 considerent,
394 1332 574 1395 attendendo
592 1336 630 1393 ad
643 1335 759 1413 culpam
773 1338 799 1394 8r
813 1338 960 1409 damnum,
981 1359 1014 1397 ac

61 1412 305 1492 probabilitatem
315 1415 462 1493 praecipue
472 1414 607 1473 secunda
619 1415 645 1472 is
656 1426 768 1492 quarte
779 1417 941 1476 sententiaa.

97 1493 212 1555 Monet
223 1494 344 1554 Loesius
357 1495 486 1553 rariores
500 1512 565 1553 esse
578 1513 663 1551 casus
676 1496 707 1551 in
728 1495 866 1572 operibus
880 1497 1013 1555 externis

66 1573 197 1651 graviter
209 1572 391 1651 periculosis,
415 1572 466 1632 ubi
480 1582 603 1650 propter
613 1572 859 1632 inadvertentiam
868 1577 886 1633 a
895 1576 1014 1634 mortali

51 1652 127 1730 :quis
140 1663 319 1712 excusetur:
339 1651 418 1710 uode
432 1661 463 1709 at
477 1650 655 1728 regulariter
668 1651 698 1709 iu
719 1653 785 1710 faro
807 1663 932 1713 extamo
946 1655 1013 1714 talis

51 1798 53 1813 Ι
67 1730 310 1793 condemnabitur
323 1730 361 1790 ad
374 1739 472 1789 totum
485 1729 623 1788 damnum
638 1731 896 1808 compensandum.

51 1816 54 1841 l

51 1844 53 1853 ¹
70 1887 541 1963 submurmurare
554 1859 1020 1952 nusrrrnrmursnaeu

51 2024 53 2099 ἰ
211 1969 346 2028 auom
367 1968 532 2029 nirano
554 1968 629 2028 aar
651 1967 873 2029 Ancaeum.

51 2102 53 2165 j
312 2089 347 2149 S.
372 2087 471 2148 litum·
491 2097 588 2167 quest.
608 2090 656 2146 62.
675 2098 730 2148 ort.
750 2092 778 2149 6.

72 2210 92 2271 l.
112 2210 295 2272 fimbreis
358 2208 1013 2286 mramuidutetqmntameeuuderealieza

101 2294 182 2351 uase.
224 2289 267 2350 11.
295 2290 332 2349 Ve
355 2292 387 2347 iu
399 2289 585 2366 equivalenti.
627 2287 687 2346 Ill.
712 2289 793 2361 Quid
809 2289 914 2349 siuliic
932 2293 1012 2353 rebus

68 2411 70 2417 ,
101 2373 137 2430 ait
151 2373 307 2449 mictu.
347 2368 402 2429 lv.
427 2369 508 2440 Quid
527 2369 553 2426 ai
575 2367 657 2425 aloeri
682 2369 802 2426 vendito.
844 2370 882 2428 V.
902 2370 945 2429 Ει
966 2373 1012 2432 ille

99 2457 337 2528 rmncompmoat.
377 2446 434 2508 Vl.
453 2445 504 2505 Aa
526 2448 652 2504 venditor
668 2446 732 2523 fiot
749 2447 893 2506 Dominam
914 2453 1010 2526 pretii.

101 2528 176 2590 Vll.
202 2529 282 2602 Quid
292 2529 319 2586 si
331 2527 501 2605 resforcuitd
506 2528 630 2604 pertarit.

103 2648 229 2726 QUAN
232 2647 335 2718 TUM,
358 2645 404 2706 rel
418 2648 506 2725 quam
521 2644 647 2704 multum
660 2643 749 2704 debet
761 2647 839 2724 =quis
852 2648 1010 2712 restituere

69 2728 148 2790 titulo
161 2728 209 2787 rei
219 2730 346 2804 acceptae
360 2727 499 2785 tantum?

101 2808 125 2868 Ι.
145 2809 186 2868 R.
209 2809 255 2866 10.
278 2807 366 2866 Sires
380 2805 515 2864 alienain
527 2812 661 2873 seextet,
682 2820 736 2880 per
747 2824 778 2863 se
786 2804 935 2884 loquendo
946 2810 1010 2887 ipsa

68 2897 107 2946 est
125 2885 331 2955 restituenda;
352 2886 420 2963 quia
434 2885 571 2943 inclamat
587 2882 747 2942 Dominum
762 2904 863 2945 suum:
885 2889 962 2947 unde
984 2890 1009 2947 si

67 2984 134 3028 uuus
146 2966 257 3026 babeat
266 2984 330 3023 rem
344 2966 468 3024 alienam
483 2964 513 3021 iu
522 2983 562 3034 se,
584 2961 694 3021 &alter
707 2962 737 3020 iu
748 2965 945 3043 aequivalenti,
959 2966 1008 3026 ille

68 3055 129 3107 ante
142 3047 223 3104 hunc
236 3045 274 3104 ad
285 3044 505 3103 restitutionem
518 3052 647 3102 tenetur.

100 3126 140 3186 ll.
161 3127 211 3184 20.
235 3124 267 3184 Si
278 3143 325 3184 res
339 3122 433 3182 aliena
446 3142 505 3180 nou
519 3121 644 3200 amplius
658 3132 741 3182 extet
754 3122 783 3180 iu
795 3143 836 3194 se,
860 3124 1008 3185 intantum

65 3205 178 3265 restitui
191 3203 290 3277 debat,
311 3203 484 3282 inquantum
498 3211 581 3260 extat
595 3201 624 3259 in
638 3201 834 3279 aequivalenti,
859 3205 901 3263 ita
924 3213 958 3263 ut
982 3207 1006 3262 si

65 3293 141 3344 extet
149 3294 215 3344 tota
230 3283 258 3342 iu
268 3282 466 3362 aequivalenti,
474 3291 538 3340 tota
547 3280 731 3340 restituenda
739 3282 787 3353 sit,
796 3283 820 3340 si
830 3293 943 3341 tantum
953 3301 1008 3360 pro

64 3375 150 3440 parte,
171 3383 227 3442 pro
241 3362 293 3431 illa
306 3371 391 3440 parta
401 3360 585 3419 restituenda
598 3360 645 3418 sit.
687 3360 768 3434 Quid
784 3361 840 3432 sit,
853 3376 915 3419 rem
930 3361 1007 3420 exis-

56 3436 120 3504 'tera
133 3444 164 3502 iu
178 3441 378 3522 equivalenti,
399 3440 564 3499 dictumest
574 3439 665 3498 Num.
679 3441 727 3497 to.
1022 3501 1024 3506 1

98 3520 217 3583 Hincsi
231 3522 375 3602 quierem
389 3519 515 3579 alienam
536 3517 615 3578 bonai
637 3517 696 3577 fide
718 3518 934 3596 consumpserit
957 3530 1008 3578 aot

65 3602 227 3665 vendiderit
239 3601 302 3675 uni,
316 3601 335 3661 a
349 3619 408 3679 quc
420 3597 513 3680 recipi
522 3617 581 3673 non
590 3607 703 3683 potest,
713 3605 835 3692 tenetur
844 3597 1030 3668 restituere,
