2160 4034
334 204 379 247 nu
397 200 479 248 rnna
498 200 540 246 ar
560 198 715 248 ruentum·
964 190 1006 249 st

80 311 164 374 Vll.
192 312 241 372 1⁰.
257 308 427 372 Hereditas
441 321 602 391 aoceptata.
623 313 672 369 2⁰.
686 311 844 388 Legatum,
857 311 884 370 si
897 328 946 370 rea
960 311 1003 370 in-

46 393 173 453 dividua
186 392 291 473 legata
298 393 347 464 sit,
359 395 385 452 a
395 392 490 452 baares
500 391 705 451 haereditatem
716 400 860 468 acceptet.
878 391 927 448 8⁰.
943 391 1005 452 Res

47 473 236 545 civitatibus,
252 472 404 544 Euolesiis,
418 472 543 550 aliisque
555 470 613 550 piis
627 470 722 528 nausis
736 469 865 540 vendita,
887 469 1005 542 donata,

48 563 237 613 testamnto
251 552 364 622 reliota,
378 553 431 611 &o
464 553 512 610 4⁰.
535 551 570 610 ln
584 548 742 609 oollatiooe
755 547 891 608 beneficii
904 568 1006 629 necep-

10 616 13 687 l
51 644 123 703 uta,
137 633 248 691 rtatim
261 632 414 691 obtinetur
427 629 700 710 quasi-dominium
739 630 788 686 5⁰.
807 628 842 688 Si
854 647 904 688 ree
917 628 1005 689 alicui

52 710 164 771 donata
178 712 221 770 sit
234 710 290 770 snb
302 730 340 770 ea
352 710 533 781 perditione,
556 719 592 768 ut
604 708 660 767 tibi
678 707 850 767 alimentum
865 707 1018 786 praebeat·

54 791 173 851 illonon
189 789 344 869 praebente
357 800 391 849 ut
405 788 504 859 debet,
516 788 618 847 statim
628 787 736 866 euripis
742 786 907 846 dominium
921 788 1007 848 istius

55 872 94 930 rei
107 871 177 929 sine
191 870 365 928 traditione.
385 871 434 928 60.
449 869 483 928 In
492 877 647 928 eontrautu
658 867 788 925 omnium
798 864 945 925 benorum
952 888 1007 948 per

52 950 287 1009 matrimonium.
301 951 350 1008 70.
357 949 533 1028 Siprinoepe
542 946 718 1028 profiteatur
724 965 757 1006 ee
762 946 839 1006 velle
844 947 1007 1008 manasen-re

59 1029 224 1089 dominium
240 1029 304 1088 sine
314 1028 487 1088 traditione.

91 1109 246 1169 Similiter
256 1109 364 1187 arripit
372 1107 479 1186 aliquis
484 1105 536 1185 jus
544 1107 574 1164 in
584 1124 618 1165 re
628 1107 654 1163 ἃ
664 1104 811 1164 notionem
819 1105 930 1165 realem
944 1106 1008 1165 sine

59 1187 265 1325 traditionebin
275 1187 386 1290 pignus
400 1189 427 1246 b
440 1186 647 1266 hypothecam.
679 1185 762 1264 Lege
776 1186 801 1242 l.
811 1185 919 1264 digest.
939 1196 960 1224 ‘⁵
971 1187 1008 1246 de

60 1278 74 1306 ¹⁴
106 1268 112 1282 '
162 1269 210 1327 orl
235 1267 296 1326 aa'

84 1287 209 1416 lblblam,
231 1356 268 1405 ut
290 1346 400 1405 donant
425 1344 547 1405 Lesslus
567 1345 594 1402 a
617 1343 825 1414 Commorim,
852 1345 878 1402 ei
891 1363 940 1403 ree
953 1344 1009 1404 tibi

59 1426 174 1486 vendita
187 1425 330 1485 ιταόιιιιιι·
343 1425 431 1484 alteri
443 1421 614 1484 soientitibi
627 1422 789 1494 venditam,
815 1441 919 1501 poenes
928 1424 1008 1483 illam
1044 1494 1047 1499 ⁵

58 1506 221 1564 rindioare.

89 1585 179 1644 idem
196 1584 335 1644 arridere
346 1583 487 1663 potentin
497 1582 565 1642 allis
578 1579 703 1652 oasibus,
714 1581 815 1661 allego
826 1592 1008 1642 autuoneue·

54 1664 155 1724 tudine
171 1665 275 1744 ajuro
288 1663 437 1722 oommnai
458 1662 656 1741 excipiantur.

10 1826 30 2201 l
230 1884 273 1944 N.
293 1885 342 1944 24.
384 1884 444 1944 bit
466 1880 844 1944 Pamsctttr'rtoum

53 2064 77 2123 1.
95 2062 305 2141 Praesoriptio.
355 2060 397 2121 ll.
417 2060 585 2122 Introdueto
603 2070 645 2118 est
658 2061 730 2138 jure
755 2061 842 2121 civili.
883 2063 943 2123 ΙΙΙ.
969 2066 1012 2124 Ob

10 2204 12 2219 ¹
418 2151 542 2220 quanm
554 2159 664 2199 musar.

10 2222 12 2257 Ι

93 2301 215 2375 QUID
227 2310 274 2359 est
287 2299 498 2378 praees-iptio?

94 2382 120 2440 l.
143 2380 188 2439 R.
212 2380 412 2456 prescriptio,
437 2379 475 2438 de
494 2398 553 2456 qua
575 2378 622 2440 blo
644 2384 752 2462 agitur,
776 2379 893 2441 definiri
914 2380 1011 2441 solet:

54 2460 220 2538 acquisitio
229 2458 417 2528 dominii,nel
426 2457 510 2517 elisio
516 2458 726 2535 jurisalterias
734 2481 789 2539 per
798 2462 1013 2538 possessionem

55 2541 97 2599 rei
112 2550 171 2597 aut
185 2539 344 2608 libertatiS,
365 2539 567 2596 continuatam
583 2548 718 2621 tempore
730 2541 848 2619 legibue
862 2540 994 2599 definito.

96 2619 256 2696 Usuoaplo
265 2620 284 2677 a
293 2616 456 2695 Theologis
464 2617 542 2677 solat
551 2638 617 2678 cum
629 2621 852 2699 praescriptione
863 2620 1012 2689 confundi,

57 2698 127 2757 liodt
138 2697 238 2778 aliqui
247 2697 356 2768 dicant,
368 2697 447 2775 qued
458 2698 597 2777 uenoapio
608 2702 648 2759 sit
656 2699 818 2770 mobilium,
829 2698 1014 2778 praescriptio

59 2777 272 2837 immobilium.

97 2857 173 2930 Quo
182 2854 256 2934 jure
271 2855 456 2934 prescriptio
466 2866 513 2914 est
526 2855 725 2917 introducta?

97 2937 143 2994 ll.
167 2937 208 2994 tt.
230 2937 307 2997 dure
321 2936 411 3003 civili,
436 2935 639 3014 adstipulante
661 2938 737 3000 June
753 2936 925 2997 Onnonioo:
946 2936 1014 2998 hinc

62 3015 241 3093 generatim,
250 3025 285 3072 ut
299 3015 336 3073 de
350 3014 504 3073 validitate
518 3017 750 3095 praesumptionis
759 3016 921 3095 judicetur,
936 3027 1015 3075 etan

64 3095 129 3153 dum
146 3105 195 3153 est
209 3094 327 3171 legibus
340 3096 367 3152 ia
382 3094 643 3154 consuetudinibus
657 3097 800 3167 locorum,
825 3098 852 3155 a
866 3097 902 3154 iis
916 3096 1015 3155 defici-

15 3218 18 3223 <
63 3173 192 3242 entibus,
205 3172 269 3252 juri
283 3173 441 3231 communi.

103 3254 212 3327 Quare
224 3254 408 3331 praescriptio
422 3252 592 3312 introducta
603 3264 652 3312 est
665 3257 679 3314 i

101 3333 166 3391 lll.
190 3332 231 3390 R.
254 3332 288 3390 ln
298 3331 368 3409 jure
382 3331 549 3409 allegantur
564 3333 608 3391 hae
630 3344 759 3412 quatuor
773 3354 888 3393 caueae:
905 3334 1015 3403 Prima,

62 3411 167 3471 nediu
182 3413 211 3469 ds
232 3411 298 3470 fere
313 3430 430 3488 semper
443 3412 575 3470 dominia
589 3414 783 3489 quarumdam
805 3433 904 3471 rerum
918 3425 1017 3471 essent

63 3495 199 3550 ineerta:
219 3489 271 3548 lib.
285 3492 333 3548 tl.
356 3490 464 3568 digest.
477 3492 525 3550 tit.
547 3494 576 3549 3.
596 3492 664 3553 “de
680 3493 868 3571 Usuoapione
882 3494 909 3550 de
924 3492 1017 3552 Usur-
1063 3558 1078 3644 ¹

67 3581 84 3608 ‘⁴
94 3569 249 3648 patione.”

106 3648 256 3717 Secunda,
266 3647 415 3727 utaliquir
423 3648 521 3710 litium
531 3650 599 3713 finis
608 3665 686 3714 erret
699 3673 707 3710 ι
719 3650 787 3731 lege
795 3650 901 3711 ultimi
912 3651 1020 3731 digest.

73 3730 138 3789 Pao
153 3746 213 3789 suo
227 3726 280 3788 lib.
293 3730 342 3789 tl.
356 3729 404 3789 tit.
420 3729 465 3789 1⁰.

10 3822 34 3965 l
