2160 4034
96 180 154 241 ito
391 210 412 245 ,-
474 192 662 237 reserares
724 206 728 239 :
758 204 763 213 ·

138 300 188 360 Αη
202 308 303 378 potest
317 297 476 365 detractor,
487 299 538 378 qui
547 298 694 359 revelavit
707 297 934 368 remmdieere
944 316 978 359 se
988 316 1036 361 esra
1058 344 1060 373 ,

96 382 255 447 mentitum
270 389 322 438 aut
335 378 441 437 falsum
450 377 572 446 dixisse,
582 378 638 437 boo
647 390 806 455 pretextu,
817 379 899 459 qubd
909 379 942 439 in
953 378 1035 456 Serip

97 470 165 519 tura
181 460 211 518 S.
225 459 323 518 omnia
336 468 456 536 peccata
469 468 614 517 vocentur
626 458 773 517 falsitates
786 478 839 517 seu
849 456 1024 518 mendacia?

93 598 98 603 .
136 540 176 600 R.
198 539 246 599 lts
257 538 535 597 suatinentBaunes
547 543 574 597 ἃ
584 538 669 614 pauci
680 537 740 605 dii,
763 536 818 597 ssd
834 537 892 597 lroc
908 536 1038 613 rejiciunt
1047 544 1061 604 ‘i

96 618 196 677 caeteri
208 617 421 686 communitam
435 618 505 694 quia
514 617 669 693 Scriptura
680 616 712 677 S.
722 616 779 675 hoo
787 616 862 675 dicit
875 615 915 675 de
924 615 1037 697 qusdnu
1049 623 1062 685 i.

97 696 227 756 falsitate
240 697 389 776 practica:
416 696 569 755 auditores
583 695 656 755 verb
672 695 723 755 ille
735 696 815 755 diets
828 696 983 774 accipiunt
993 715 1037 774 pro
1051 702 1060 725 ”

96 776 228 836 falsitate
239 776 465 854 speculative&
476 776 520 833 ita
530 773 655 833 babetur
664 775 815 835 restrictio
824 794 901 855 pure
912 775 1037 837 mentalis
1049 827 1054 853 ,

96 858 124 915 dr
137 856 322 915 mendacium
336 854 500 913 artificiale.
540 854 626 913 Licet
640 866 739 913 tamon
759 854 789 913 in
813 874 883 915 cusu
902 854 1053 917 diosross',

95 934 273 1014 injustitiam
287 934 480 1003 commisisse,
494 943 632 1011 utsupra
646 933 758 995 dietum
772 943 828 994 est.
1050 952 1065 965 ·

137 1015 188 1072 An
204 1014 355 1074 detractor
368 1023 488 1072 tenetur
501 1014 662 1073 restituere
675 1033 742 1073 cum
750 1013 870 1091 jactura
882 1013 971 1073 fumis
979 1030 1038 1093 pro·
1073 1090 1078 1095 Ι

118 1094 193 1154 rim?
873 1144 877 1151 .
935 1146 940 1157 .

96 1112 117 1237 l)
138 1173 181 1233 ll.
202 1173 242 1233 R.
255 1171 452 1241 Affirmatire,
466 1172 538 1251 quia
550 1171 580 1229 in
595 1172 659 1251 pari
674 1191 762 1231 carisa
774 1170 875 1249 potior
887 1182 936 1231 est
948 1172 1040 1233 eondi-

96 1252 140 1311 tio
155 1252 329 1321 innocentis,
344 1270 433 1332 qnam
446 1252 580 1311 nocentis
591 1273 600 1310 ι
613 1251 695 1311 eliud
703 1263 793 1321 esset,
807 1252 832 1309 si
842 1251 1041 1311 famsdetrsc·

95 1331 173 1399 toris
186 1331 353 1391 necessaria
372 1331 453 1391 foret
477 1330 555 1390 bono
578 1330 706 1408 publico,
727 1331 771 1390 sit
790 1330 840 1391 De
855 1331 959 1412 (leoq3
977 1332 1042 1412 quit
1076 1392 1079 1397 ,

97 1412 209 1473 bonum
222 1412 371 1489 privatum
386 1411 525 1488 postponi
540 1409 629 1469 debet
641 1408 771 1488 publico.

138 1491 188 1548 An
204 1490 355 1549 detractor
368 1500 488 1548 tenetur
501 1490 661 1548 restituere
673 1508 740 1549 cum
751 1488 883 1567 periculo
893 1490 965 1549 vim
975 1491 1005 1549 i·

140 1569 261 1630 111.R.
283 1570 314 1628 Si
335 1566 422 1629 mors
443 1569 596 1626 immineat
620 1569 773 1627 diffamato
797 1589 836 1627 ex
859 1568 1046 1646 impositione

98 1649 229 1707 oriminis
255 1648 333 1718 falsi,
362 1660 449 1706 extra
471 1648 704 1706 controversiam
723 1660 777 1719 est,
805 1647 875 1729 quin
898 1645 1049 1708 detractor
1074 1660 1079 1687 ¹

98 1739 237 1788 teneatur
249 1727 325 1787 illud
337 1727 473 1787 revelare
487 1746 553 1787 oum
567 1741 650 1787 certa
663 1746 717 1787 suc
728 1738 845 1787 morter
858 1746 887 1786 v.
901 1746 933 1805 g.
945 1728 974 1787 si
984 1748 1050 1807 cap·
1070 1732 1077 1767 ¹

97 1810 179 1866 tirus
207 1827 259 1885 spa
285 1809 356 1865 vitae
382 1817 434 1866 eut
456 1806 604 1866 libertatis
630 1807 807 1886 imposuerit
832 1806 914 1866 socio
938 1806 1072 1881 crimen,

96 1886 205 1951 falsum
220 1886 356 1965 capitale.
866 1922 870 1929 ,
1063 1888 1070 1927 ³

142 1964 295 2035 Similiter,
305 1967 390 2024 siunt
403 1966 584 2036 Braunman,
600 1960 649 2025 De
659 1966 738 2047 Coeq
748 1967 774 2024 a
784 1965 884 2045 pluras
897 1965 960 2037 alii,
969 1975 1064 2045 tene-0

97 2055 149 2103 tur
163 2044 314 2103 detractor
334 2065 401 2101 curn
424 2044 556 2122 periculo
578 2045 648 2103 vitm
668 2065 809 2104 revocare
833 2045 1043 2110 detractionem
1059 2058 1065 2085 ¹·

97 2124 354 2204 quoties-eumque
374 2143 414 2182 ex
437 2123 622 2183 detractione
648 2125 784 2185 imminet
818 2125 907 2185 alteri
937 2125 1080 2205 injusta?

98 2223 189 2273 mors,
203 2215 256 2262 aut
269 2220 361 2281 grave
375 2202 485 2262 malum
498 2202 686 2280 reipublicoe3
699 2204 769 2283 quie
782 2204 829 2263 bis
839 2204 958 2266 casibus
968 2206 1041 2266 dnm·

97 2302 170 2429 pum
191 2282 357 2343 innocentis
378 2282 427 2343 vel
450 2281 621 2361 reipublicae
641 2282 802 2362 praevalere
826 2284 919 2345 debet
940 2285 1041 2348 demus
1061 2305 1062 2308 ’

120 2362 286 2421 etraotoris.
1008 2392 1011 2397 ·

105 2496 110 2505 ,
140 2442 284 2522 Alioquin
296 2450 420 2518 propter
429 2460 542 2501 meram
555 2441 665 2501 famam
676 2440 801 2519 alicujus
811 2443 923 2521 privati
935 2454 1042 2507 nonni
1064 2455 1080 2476 ⁵

100 2541 200 2601 perse
219 2520 368 2600 loquendo
379 2520 522 2598 obligatio
543 2521 721 2579 restituendi
736 2542 801 2580 com
816 2522 950 2600 perieulo
962 2523 1041 2593 vitm
1064 2543 1067 2554 ²

122 2602 170 2660 uia
183 2601 231 2659 hic
244 2610 291 2659 cst
305 2620 399 2670 ocsus,
412 2598 464 2659 ubi
479 2599 555 2658 bona
568 2600 719 2659 inferioris
733 2601 847 2661 ordinis
856 2602 978 2663 restitui
990 2624 1040 2665 non
1062 2616 1064 2636 ¹

99 2624 212 2741 debent
226 2699 291 2739 cum
306 2680 414 2738 damno
434 2679 597 2756 superioris
610 2680 733 2739 ordinis.

104 2804 107 2809 ·
141 2759 229 2819 Circa
241 2759 384 2836 praedicta
396 2768 481 2817 notat
496 2757 601 2828 Collet,
615 2759 697 2840 quod
709 2759 733 2817 si
742 2758 895 2819 detractor
908 2760 1044 2821 inlamen-

102 2837 141 2907 do
156 2857 197 2907 se,
211 2839 259 2897 vel
273 2859 305 2896 se
319 2837 505 2916 conjiciendo
518 2837 548 2895 in
562 2838 725 2917 periculum
739 2839 817 2909 vitm,
837 2840 977 2920 equidem
991 2862 1045 2901 uon
1068 2863 1080 2872 ·

101 2928 181 2976 esset
194 2917 373 2976 liberaturus
398 2918 594 2987 innocentem,
609 2919 708 2996 potius
723 2916 830 2977 debeat
844 2930 963 2988 tacere;
981 2923 1047 3002 quia
1070 2943 1080 2948 ··

100 3008 221 3135 nondest
235 2996 379 3075 obligatio
392 2997 430 3055 ad
443 3009 541 3056 actum
553 2997 688 3057 inutilem
702 3018 767 3057 curn
781 3008 866 3058 tanto
875 3018 930 3059 suo
940 3000 1047 3060 incom-v
1067 3004 1074 3009 '

99 3096 150 3135 mo
173 3096 200 3135 o.

143 3155 235 3215 Plura
256 3155 353 3214 videri
376 3166 501 3234 possunt
527 3157 557 3213 in
571 3155 730 3217 schemate
754 3156 868 3237 quinto,
894 3155 948 3217 ubi
970 3168 1050 3232 nota,

102 3235 246 3317 quosdam
259 3235 364 3295 modos
386 3235 565 3295 restituendi
578 3236 686 3295 famam
700 3235 799 3295 larsem
813 3256 867 3315 per
879 3237 1048 3297 manifesta·

102 3317 216 3377 tionem
229 3315 303 3383 veri,
328 3314 428 3375 valere
442 3315 562 3396 quidem
576 3315 654 3394 apud
667 3315 825 3393 simplices,
839 3336 868 3375 r.
879 3336 911 3394 g.
920 3316 1050 3377 dicendo

102 3393 255 3472 seinjusta
268 3393 384 3464 iecisse,
404 3415 436 3453 se
450 3415 575 3465 errasse,
596 3401 647 3455 &c
661 3396 713 3455 sed
726 3415 785 3455 non
800 3398 843 3455 ita
856 3396 958 3455 valere
971 3397 1051 3474 apud

99 3483 223 3537 nautor
236 3479 262 3533 dr
276 3472 495 3550 intelligentem
515 3475 601 3535 facile
621 3475 700 3535 euim
721 3474 764 3535 illi
784 3475 923 3544 inferent,
947 3492 1052 3536 rorum

100 3572 177 3625 esse,
202 3553 285 3635 quod
306 3552 419 3613 dictum
432 3554 552 3624 fuerat3
572 3554 713 3634 alioquin,
736 3555 828 3626 aiunt,
853 3553 978 3615 deberet
999 3555 1053 3615 de·

98 3642 213 3772 practer
226 3632 345 3699 dicere:
356 3652 399 3695 -se
412 3652 479 3695 esso
498 3634 665 3707 mentitum,
688 3644 740 3697 sut
759 3634 866 3699 falsum
879 3654 955 3709 ests,
969 3635 1052 3719 quod

121 3713 227 3773 ixerat.
