2160 4034
82 111 162 171 stov
425 154 428 161 .
479 118 695 164 raucarum·

89 252 94 261 ·
129 225 289 302 Quomodo
304 223 456 284 obtinetur
468 222 644 286 beneficium
657 223 841 285 inventarii?
924 226 927 231 '

130 308 172 367 X.
194 306 233 364 R.
253 306 349 367 Juxta
362 314 418 363 art.
432 307 480 362 30.
495 306 521 363 δι
535 314 694 386 aequentea
714 303 805 363 edicti
825 300 969 381 perpetui
989 301 1033 363 bot

90 385 267 448 beneficium
280 404 298 442 a
309 383 373 442 eolo
385 383 525 462 Principe
534 383 690 462 impetrari
697 383 789 443 debet
799 384 882 441 iutra
895 381 1033 442 trimestre

91 488 111 528 a
123 476 221 526 morte
236 464 397 523 tentatoria.
951 508 955 513 ,

93 590 108 608 .,
133 547 181 604 20.
203 543 303 602 Debet
316 543 514 602 inventarium
535 540 624 601 turibi
643 561 678 600 ac
696 540 800 620 perlici
812 540 895 599 intra
908 541 938 599 b.
953 539 1029 602 dicer
1052 533 1057 589 l

92 623 205 685 littorio
219 623 395 700 impetratis.

91 762 96 769 ,
132 705 181 762 8⁰.
212 703 295 761 Anto
323 701 466 759 bonorum
494 699 761 778 apprehensionem
789 697 882 758 debet
908 702 1026 777 precaturi
1055 712 1063 761 .’

93 782 192 843 cautio
207 800 297 858 super
309 778 468 839 mobilibus
482 778 620 840 inventia.
1078 821 1080 826 .

94 906 100 915 .
132 863 182 920 4⁰.
204 859 303 918 Debet
324 859 402 918 inire
421 861 460 916 50
484 858 548 919 dier
570 858 699 918 obtineri
720 858 798 918 ectio
817 856 967 927 citatorio,
985 861 1027 937 qu

94 960 199 1003 omues
219 938 382 998 creditores
402 938 541 1008 uitentur,
561 947 597 996 ut
615 938 771 1017 proferunt
790 937 936 1006 aetianae,
956 937 989 1006 dr,
1004 951 1028 998 rt
1057 993 1080 1013 ,,,

93 1019 185 1097 uulgd
199 1021 292 1086 uiuunt,
314 1019 526 1095 pratentiouea
538 1036 617 1085 auae,
636 1037 745 1098 aesque
758 1017 888 1096 probent
901 1016 980 1075 infra
990 1037 1028 1076 aer

93 1117 220 1166 menses,
245 1098 270 1155 ai
283 1097 313 1156 in
328 1096 441 1173 patria;
461 1096 539 1154 iufra
555 1115 676 1166 aunum,
700 1096 725 1155 ei
744 1106 832 1155 extra
845 1094 973 1174 petriam
991 1095 1028 1156 de·
1067 1163 1080 1170 ,

94 1189 184 1256 gant:
205 1196 242 1236 eo
256 1176 367 1252 elapso,
387 1195 405 1234 a
418 1175 615 1252 praetentione
629 1175 830 1243 recluduntur,
852 1185 884 1232 et
897 1185 1030 1251 coguntur

96 1266 255 1335 expectere
270 1256 426 1334 reliquum,
446 1254 471 1312 ai
484 1253 564 1314 forte
578 1255 650 1332 quid
664 1256 794 1334 eupereit
807 1255 875 1314 aliia
887 1253 1032 1332 expeditio
1062 1307 1080 1322 ,

135 1338 184 1394 60.
206 1336 299 1394 Facta
311 1333 552 1411 proclamatione,
566 1333 689 1392 mabilia
700 1334 880 1402 venduntur,
901 1343 1033 1405 eteorum
1078 1377 1080 1382 -

94 1415 224 1496 pretium
246 1433 317 1471 mox
335 1413 414 1471 iuter
437 1412 601 1472 creditorea
620 1412 810 1473 distribuitur
827 1411 883 1472 auh
908 1412 1033 1473 cautione

94 1492 282 1561 restituendi,
297 1493 321 1550 si
335 1511 455 1551 necesse
468 1490 570 1551 suerit.
984 1558 988 1569 ,
1046 1534 1052 1551 .

135 1575 183 1632 60.
204 1574 315 1649 Elapso
329 1571 448 1630 tandem
464 1591 550 1641 anuo,
571 1569 665 1631 berea
684 1580 805 1631 tenetur
825 1571 1034 1643 declararem

94 1651 169 1713 velit
183 1651 357 1711 continuere
375 1650 593 1709 inventarium
613 1650 639 1710 ei
659 1651 794 1720 affirmet,
815 1651 987 1728 proceditur
1003 1651 1035 1710 ad

96 1732 298 1801 venditionem
312 1728 516 1789 immobilium.
557 1731 663 1790 Potest
676 1741 776 1789 eutem
790 1731 885 1789 haeret
899 1727 955 1789 aab
963 1729 1036 1808 jueta
1079 1745 1080 1763 ³

98 1813 253 1871 taxatione
267 1808 323 1868 sibi
337 1809 470 1887 recipere
484 1807 656 1881 immobilia,
680 1810 825 1869 tradendo
839 1809 971 1886 pretium
983 1829 1036 1870 ore·

97 1890 261 1950 ditoribuer
282 1888 354 1948 item
379 1898 478 1966 pateat
496 1887 624 1951 durante
642 1889 712 1948 anui
728 1889 812 1968 lapan
832 1888 889 1948 rub
910 1889 1035 1950 cautione
1073 1930 1078 1961 ,

96 1971 231 2048 recipere
245 1987 344 2027 rerum
359 1965 482 2033 fruetus.
632 2020 635 2025 .
1076 2006 1078 2011 -

138 2048 219 2122 Quid
240 2048 265 2105 ai
289 2046 445 2105 defunctus
465 2045 663 2126 prohibuerit,
683 2067 722 2108 ue
743 2048 902 2108 hereditea
915 2048 1037 2106 adiretur
1079 2117 1080 2126 χ

97 2126 152 2189 tub
168 2125 359 2185 inventario?

107 2254 110 2258 .
139 2207 178 2266 R.
193 2205 340 2266 Voluntas
354 2203 487 2265 defuncti
501 2203 685 2264 obseruanda
699 2217 754 2276 eat,
775 2206 865 2264 modo
878 2205 975 2273 lueres
986 2225 1039 2266 nou
1072 2209 1079 2237 ²

98 2285 138 2345 rit
151 2287 180 2342 in
195 2284 290 2362 gradu
304 2282 557 2352 descendentium,
570 2283 613 2342 eit
627 2284 757 2343 edictum
771 2294 827 2344 art.
843 2287 890 2344 15.
953 2336 956 2343 .

139 2364 198 2423 Xl.
219 2365 295 2424 Jure
315 2361 575 2424 consuetudinaria
603 2360 777 2422 beneficium
808 2364 969 2424 inventarii
986 2384 1037 2424 uon

99 2442 215 2510 obtinet
230 2440 374 2513 Gaudavi,
388 2461 444 2500 nec
457 2440 486 2499 iu
503 2443 671 2513 Harmonia,
694 2462 750 2501 nec
763 2443 793 2501 in
807 2444 906 2522 patria
917 2444 1037 2504 Namur·
1071 2504 1075 2518 ,

99 2523 189 2592 oeuai,
204 2522 308 2580 saltem
344 2520 420 2580 uuad
434 2521 606 2580 immobilia.
850 2575 853 2581 .

139 2542 393 2660 Beneficiumhoe
406 2618 465 2658 non
479 2600 661 2668 conceditur,
680 2602 737 2660 nisi
752 2601 807 2660 huc
820 2601 1000 2672 conditione,
1017 2605 1037 2662 ai

99 2700 157 2817 nup
173 2682 284 2740 exietat
297 2679 372 2740 elius
386 2677 489 2755 herren,
503 2679 554 2761 qui
563 2678 767 2740 hereditatem
779 2681 955 2760 simpliciter
965 2682 1037 2742 adire

100 2779 138 2818 ve
151 2760 184 2818 it.
927 2813 929 2817 .

141 2838 217 2896 Xll.
234 2838 320 2898 Circa
330 2847 521 2898 executorem
534 2840 706 2899 testamenti
722 2841 819 2900 notari
833 2850 943 2919 potest,
958 2840 1038 2900 alium

99 2937 165 2978 eure
178 2917 384 2988 universalem,
399 2917 446 2977 cui
458 2917 538 2978 lectu
550 2929 596 2978 eat
609 2929 742 2998 potestas
755 2931 848 2978 totum
863 2921 1038 2997 voluntatem

100 2996 232 3057 defuncti
254 2996 429 3077 exequendi,
450 2995 540 3055 alium
560 3018 627 3058 eree
645 2999 862 3076 particularem,
883 3002 932 3058 eui
952 3000 1038 3060 aoldn

100 3095 270 3136 concessum
296 3085 343 3135 est
366 3076 474 3154 exequi
498 3087 612 3154 partem
632 3098 701 3156 mg.
718 3098 784 3158 quae
798 3079 835 3138 ad
853 3079 943 3138 funua
958 3081 1039 3158 perti·

99 3166 182 3225 naut,
206 3154 253 3212 vel
268 3156 317 3232 piu
330 3154 437 3232 legata,
462 3156 514 3215 &o
527 3157 619 3215 etita
638 3155 737 3234 plures
759 3169 935 3218 executores
956 3160 1039 3220 stetui

100 3245 234 3314 possunt.
276 3234 398 3306 Quodsi
412 3245 621 3294 executornon
636 3236 806 3296 nominetur
816 3238 845 3295 in
858 3248 1039 3308 testamento,

101 3315 239 3382 executio
253 3313 317 3390 ipsu
330 3312 499 3375 devolvitur
512 3314 550 3375 ad
564 3315 706 3377 heredes.
728 3316 821 3377 Plura
833 3317 903 3379 vide
912 3321 991 3398 apud
1001 3321 1040 3380 De

102 3394 192 3476 Cocq,
208 3392 361 3466 Duelmeu,
376 3392 517 3476 aliaeque.
