2160 4034
304 153 663 200 coronamentum.
837 188 839 194 ,
902 136 970 206 itt,

10 256 192 319 sufficienter
205 255 301 315 novit.
323 255 626 316 Sitamenconsulcns
636 266 716 316 esset
726 253 795 316 talis
805 256 959 328 exofficic,

10 338 100 397 ctiam
116 336 175 414 ip'si
190 333 345 393 consilium
358 334 473 412 petenti
488 340 650 406 teneretur,
661 336 732 414 quia
743 337 902 397 omissione
916 335 960 395 di·

10 416 143 495 ligentiae
157 414 275 484 debitae,
290 414 346 491 ipsi
361 415 499 493 injuriam
513 415 595 474 facit.
646 422 661 467 ’.

50 495 134 554 Hinc
147 493 265 571 collige,
284 493 471 575 quandonam
486 494 642 553 consulens
656 493 808 572 obligetur
820 494 860 554 ud
872 495 961 554 resti-

16 575 161 634 tutionem
172 573 224 643 illi,
240 572 286 631 cui
297 571 452 631 consilium
463 572 523 644 dat,
538 573 724 653 quandonam
734 574 850 634 tantrlm
858 575 960 644 tertio,

20 651 201 733 quandonam
213 653 342 731 utrique.

50 731 172 809 Collige
186 733 234 789 20.
255 730 338 810 quod
353 730 428 789 sicut
442 751 500 789 non
515 744 674 795 excusatur
687 733 746 804 ille,
768 733 820 814 qui
833 730 961 792 consulit

19 809 157 890 injustum
171 829 210 868 ex
223 809 392 887 ignorantia
405 810 545 880 vincibili,
566 813 585 870 ia
597 813 716 872 fortiori
730 833 788 870 non
803 818 962 871 excusetur

21 887 225 959 Probabilista,
237 889 288 966 qui
297 889 418 949 doceret
426 889 538 968 aliquid
547 891 794 968 practicejustum
808 896 882 960 esse,
892 889 962 967 quia
986 927 988 930 ⁴

21 968 87 1028 illud
102 978 149 1027 est
173 967 352 1045 speculativi
366 968 539 1045 probabile:
558 970 751 1047 probabilitas
772 970 850 1030 enim
864 968 962 1027 minuis

20 1048 163 1125 abstergit
172 1047 325 1117 malitiam,
355 1050 424 1106 uam
439 1049 607 1125 ignorantia
617 1049 772 1108 vincibilis.
809 1048 898 1123 Quod
911 1065 964 1124 ge·

22 1127 149 1187 reratim
159 1136 264 1186 contra
279 1068 543 1186 Probabilistarum
557 1130 702 1209 principia
712 1127 940 1190 estnotandum.

28 1327 70 1386 N.
85 1327 137 1386 75.
178 1324 238 1385 DE
260 1323 552 1385 GONSULENTE
573 1327 808 1388 AGTIONEM
829 1325 963 1389 cotos

237 1404 428 1464 MALITIA
453 1405 746 1467 SUPPONITUR.
930 1452 934 1463 ,

19 1565 42 1624 I.
68 1563 226 1626 Consulens
237 1564 417 1641 supponendo
429 1563 568 1623 malitiam
619 1564 661 1624 ΙΙ.
681 1563 740 1622 Est
750 1563 862 1642 triplex.
904 1563 965 1623 111.

61 1643 186 1703 Tenetur
198 1644 239 1700 od
245 1644 452 1700 renotationem.
495 1643 551 1704 IV.
570 1643 618 1703 De
630 1644 786 1702 consulente
797 1645 892 1701 minus
904 1663 965 1701 ma·

57 1723 128 1783 lum.
158 1722 198 1783 V.
217 1721 265 1780 De
277 1720 431 1780 consulente
443 1722 650 1802 ntdffenatur.
677 1721 734 1780 Vl.
755 1722 800 1780 De
809 1721 966 1780 consulente

57 1802 156 1942 appinge
174 1802 321 1938 ffimnum.
362 1799 436 1936 VIII.
470 1801 556 1860 Nudo
578 1821 702 1861 aurnuns
723 1801 838 1881 factum
857 1799 966 1860 subtile.

146 1922 154 1938 .
211 1899 293 1938 cuens
305 1900 399 1958 exemp
410 1901 436 1940 o.

62 2001 90 2061 l.
110 1999 317 2060 SECUNDA
341 2001 442 2060 classis
466 2001 681 2061 consulentium
701 2000 792 2079 juxta
812 2019 968 2060 numerum

24 2081 206 2158 superiorem
222 2093 276 2149 est,
304 2082 354 2160 qui
369 2080 452 2159 quasi
466 2081 607 2140 malitiam
628 2081 752 2139 actionis
767 2080 970 2158 supponendo,

27 2158 179 2218 consilium
188 2159 260 2218 dant
269 2159 305 2217 ad
317 2160 422 2217 malam
431 2161 577 2219 actionem
586 2160 754 2219 executioni
766 2159 971 2219 mandandam.

63 2237 287 2316 Quotupliciter
301 2239 331 2296 id
345 2239 410 2296 lieri
424 2242 545 2316 potest?
566 2293 569 2300 .

64 2318 109 2378 ll.
129 2318 169 2377 R.
190 2317 380 2395 Tripliciter:
397 2320 443 2375 10.
458 2317 609 2388 Precibus,
619 2317 771 2377 blanditiis
785 2327 836 2376 aut
845 2318 969 2396 promis·

29 2399 64 2455 sis
77 2395 245 2465 alliciendo,
270 2406 359 2472 prout
369 2397 461 2454 suasit
473 2397 623 2456 Herodias
634 2398 700 2456 filiae
715 2418 784 2466 suaa,
805 2408 839 2455 ut
853 2406 970 2475 peteret

30 2486 116 2554 capnt
131 2476 257 2538 ,loannis
273 2475 426 2553 Baptistae,
448 2476 527 2534 Mar.
548 2497 610 2554 cap.
632 2480 661 2537 6.
681 2478 720 2536 V.
743 2479 790 2535 24.
812 2477 867 2534 boc
881 2476 969 2535 modo

31 2556 115 2615 etiam
125 2575 180 2613 usa
188 2566 235 2612 est
248 2554 345 2612 Dalila
353 2565 490 2633 respectu
502 2556 662 2626 Samsonis,
673 2557 695 2617 J
697 2555 745 2614 ud.
753 2557 867 2631 cap.16.
874 2555 912 2615 V.
924 2557 970 2611 16.

65 2637 115 2693 2⁰.
138 2633 336 2712 Proponendo
346 2634 491 2693 actionem
501 2635 640 2711 injustam
652 2634 706 2693 sub
715 2634 812 2712 specie
824 2633 970 2701 utilitatis,

29 2713 191 2792 voluptatis
205 2712 251 2771 vel
276 2713 414 2771 honoris:
435 2714 478 2773 sic
500 2714 627 2792 caiphas
650 2713 775 2775 loannis
789 2731 853 2790 cap.
862 2715 915 2770 ¹11.
929 2712 968 2771 V.

31 2797 77 2853 50.
92 2793 187 2852 euasit
200 2803 325 2850 mortem
342 2792 463 2852 Christi.
669 2850 671 2855 ,
962 2827 963 2831 1

65 2875 115 2932 30.
138 2872 274 2930 Actionis
285 2872 458 2931 facilitatem
468 2871 661 2941 ostendendo,
673 2870 751 2948 quod
762 2869 927 2948 praesertim
938 2870 972 2928 fit

29 2951 217 3030 suggerendo
232 2951 436 3020 instrumenta,
450 2951 557 3021 media,
579 2950 693 3020 modos,
716 2952 767 3008 &a
781 2951 823 3008 sic
836 2948 973 3012 Jonadab

29 3031 106 3090 filius
130 3031 266 3089 Semmaa
286 3031 388 3088 fratris
404 3031 502 3089 David
516 3030 634 3088 influxit
652 3030 682 3087 in
705 3031 858 3100 incestum,
884 3047 974 3106 quem

30 3110 178 3169 commisit
189 3109 308 3168 Amnon
324 3129 388 3168 cum
405 3129 505 3170 sorore
515 3130 568 3168 sua
582 3110 720 3180 Thamar,
732 3113 751 3166 2
762 3110 840 3187 Reg.
850 3128 914 3186 cap.
929 3110 974 3166 13.

72 3268 338 3342 Quomodotaliter
345 3269 531 3328 consulentes
537 3278 678 3328 tenentur
687 3267 725 3326 ad
736 3267 974 3326 restitutionem?

72 3347 135 3407 111.
155 3348 194 3407 R.
209 3348 341 3406 Evideus
355 3358 411 3419 est,
426 3347 508 3426 qudd
522 3358 680 3407 teneantur
694 3347 795 3416 tertio,
821 3346 867 3403 cui
882 3344 977 3403 consi-

32 3427 105 3486 lium
121 3425 230 3504 injusta
253 3428 312 3486 fuit
333 3447 420 3486 causa
440 3427 557 3486 damni:
585 3427 609 3485 si
619 3437 716 3486 tamen
738 3424 867 3484 abfuerit
890 3422 975 3481 dolus

32 3509 58 3567 ἃ
71 3507 164 3576 fraus,
180 3507 351 3584 &specialis
365 3507 507 3584 obligatio
520 3507 599 3565 recte
611 3505 793 3575 consulendi,
805 3524 863 3562 uon
875 3512 977 3562 teneu-

31 3598 83 3645 tnr
96 3586 155 3664 ipsi
168 3586 283 3663 petenti
294 3586 458 3658 consilium,
473 3586 551 3664 quia,
565 3595 598 3644 ut
613 3586 798 3665 supponitur,
813 3583 977 3641 scienter&

33 3665 171 3728 volenter
193 3665 302 3727 malum
326 3665 481 3741 consilium
508 3665 658 3748 sequitur:
687 3663 750 3744 jam
775 3672 873 3724 autem
889 3658 978 3741 juxta
