2160 4034
99 146 155 204 152
385 148 389 155 “
454 172 459 180 ·
494 155 686 199 vrrrncrnrus
735 146 743 185 ἒ

139 263 222 338 Quot
242 271 311 320 sunt
329 260 416 330 bona,
445 248 602 340 inquibus
630 261 735 342 aliquis
756 257 895 338 injuriam
909 250 994 338 poti,
1024 262 1046 321 ir

97 343 317 404 restitutionem
333 341 454 418 exigere
468 342 590 416 potest?

140 422 164 480 Ι.
186 421 224 480 R.
246 420 361 479 Reduci
377 429 499 496 possunt
513 419 551 476 ad
565 418 824 497 quatuor'clcsses.
1067 474 1070 497 Ε

142 503 187 558 10.
212 501 306 568 Bona,
328 518 393 576 quae
415 498 553 556 dicuntur
574 498 702 557 fortune
726 518 778 556 sen
803 497 1000 576 temporalia
1016 500 1043 560 in
1068 542 1070 545 -

102 579 208 664 quibus
223 579 312 636 homo
325 579 439 654 patitur
452 576 589 655 injuriam
603 597 658 655 per
671 578 783 636 furtum
796 583 822 636 ἃ
836 577 981 654 rapinam.
1032 610 1038 623 ι
1065 588 1066 594 ’

140 661 188 717 20.
209 659 294 716 Bona
307 657 392 715 famae
408 662 433 715 tr
448 656 579 725 honoris,
599 676 664 737 qnae
679 656 826 725 uiolentur
839 677 894 736 per
908 657 1041 718 detracti.

100 746 197 808 ouem,
208 736 426 803 contumeliam,
437 735 621 802 calumniam,
627 731 771 814 j'udicium
784 736 987 807 temerarium,
998 743 1052 798 dm·

139 820 188 875 30.
210 815 296 874 Bona
316 817 459 890 corporis,
480 835 545 896 quae
564 815 713 874 laednntnr
733 815 904 885 homicidio,
930 816 1038 876 mutila·
1062 816 1065 820 ’

101 897 192 965 tione,
207 900 320 973 stupro,
335 894 491 963 adulterio,
506 900 556 953 &c
719 902 723 911 '
959 932 964 939 ·
1055 906 1070 951 l·

1034 349 1038 357 ι

137 978 186 1033 40.
208 976 294 1033 Bona
312 974 477 1051 spiritualia
497 985 557 1031 tam
580 973 734 1049 naturalia,
759 992 845 1050 quam
871 985 1038 1052 supcrnctn·
1058 969 1070 1025 l

99 1054 182 1121 ralia,
210 1055 317 1132 quibus
341 1063 549 1111 nocumentum
573 1053 700 1112 infertur
728 1053 900 1113 seductione
926 1053 1039 1112 fraudu·
1059 1049 1070 1133 l

99 1132 190 1201 lentis,
205 1153 328 1201 veneno,
343 1132 496 1199 maleficio,
512 1134 563 1190 &c
792 1160 795 1164 ·
1059 1138 1070 1204 s'

141 1212 190 1270 Dc
203 1211 308 1270 horum
330 1210 473 1268 bonorum
493 1210 603 1286 injuria
616 1231 650 1268 ac
663 1211 852 1270 restitutione
865 1211 949 1271 velut
963 1211 982 1269 d
994 1212 1041 1271 nti·
1059 1208 1070 1290 sl

101 1291 223 1350 noribus
236 1291 274 1350 ad
287 1288 401 1368 majora
413 1291 614 1360 ascendentes,
630 1310 751 1368 agemus
764 1293 870 1368 primo.
1061 1307 1070 1345 s

238 1508 279 1567 N.
300 1510 348 1567 87.
389 1509 448 1567 DE
475 1509 624 1569 FURTO
646 1509 704 1568 ΕΤ
727 1509 908 1569 RAPINA.

375 1666 410 1727 S.
430 1667 527 1727 lliom.
541 1671 569 1726 2.
583 1670 611 1725 2.
624 1677 720 1745 queret.
734 1670 782 1724 66.

103 1807 128 1866 Ι.
147 1807 272 1867 Furtum
293 1809 447 1881 poneretim
488 1805 530 1864 ll.
549 1806 711 1864 Dividitur.
753 1805 812 1864 lll.
835 1805 1046 1888 Strictdrump·

140 1897 199 1946 tum
212 1885 355 1961 definitur,
398 1885 452 1944 lv.
472 1885 516 1943 Er
527 1886 666 1944 dividitur
679 1889 710 1942 in
723 1885 840 1962 simplex
856 1886 882 1958 ds
898 1887 1047 1965 qualfico·

141 1976 209 2023 tum.
243 1966 280 2025 V.
294 1963 883 2042 Furtr'qcolificctironiquinquecpecies:
920 1965 976 2025 vl.
990 1966 1048 2027 Pe·

140 2045 258 2112 culatur,
300 2042 374 2104 Vll.
395 2043 557 2118 Piapiotur,
593 2038 690 2104 Vlll.
709 2044 869 2118 Ahiqiatus,
912 2044 971 2103 IX.
989 2047 1049 2105 Sa·

132 2124 298 2281 scurilepiuna
341 2121 382 2180 X.
409 2121 454 2181 Et
471 2125 584 2200 rupina.
635 2122 694 2180 XI.
720 2124 791 2196 Quoe
809 2123 907 2203 differt
924 2129 1052 2202 specie&

175 2213 226 2260 rto.

143 2323 168 2383 Ι.
189 2321 338 2380 FURTO
354 2323 379 2379 o
393 2322 497 2398 rapine
513 2322 676 2398 generatim
695 2322 819 2399 sumptis
838 2318 1051 2399 comprehendi

101 2413 226 2483 possunt
241 2421 341 2458 omnes
355 2401 482 2478 injurie,
500 2421 571 2479 quas
586 2401 690 2480 aliquis
704 2405 817 2478 patitur
831 2403 859 2458 in
876 2400 961 2459 bunis
974 2413 1052 2462 tem·

100 2481 251 2562 poralibus
266 2501 317 2537 seu
331 2480 466 2548 fortunae,
489 2480 536 2537 rel
558 2482 586 2537 in
603 2479 673 2558 jure
688 2481 723 2538 ad
743 2481 850 2538 similia
868 2479 962 2540 bona:
986 2482 1050 2541 sivo

102 2562 187 2621 dictae
210 2559 325 2636 injuriae
340 2559 411 2617 fiant
425 2573 527 2635 aperte
542 2560 604 2616 sive
618 2559 741 2629 occulte,
764 2563 826 2617 sive
841 2561 1049 2620 commissione

103 2641 166 2700 sive
176 2641 349 2706 omissione,
365 2639 427 2696 sive
442 2638 592 2716 operando
607 2640 669 2697 sive
680 2638 876 2715 cooperando.

143 2719 303 2792 Quomodo
318 2718 461 2775 dividitur
475 2720 586 2775 lurtum
602 2719 766 2796 generatim
782 2722 956 2796 sumptum?
1042 2740 1047 2763 ¹

144 2798 186 2856 ll.
213 2799 251 2856 R.
272 2797 461 2874 Tripliciter:
493 2797 603 2855 scilicet
624 2798 653 2854 in
676 2798 880 2866 “occultum‘'
902 2799 982 2876 quod
1005 2810 1049 2858 cst

102 2877 216 2936 furtum
232 2877 351 2952 proprie
367 2876 486 2944 dictum,
502 2887 519 2913 “
532 2877 721 2946 violentum‚”
736 2878 814 2957 qnod
830 2889 875 2934 est
890 2877 1002 2955 rapina,
1024 2881 1050 2937 dr

103 2965 121 2995 “
131 2954 380 3025 terrulentum?
395 2956 473 3035 quod
485 2957 680 3015 committitur
691 2959 719 3014 iu
732 2956 931 3014 contractibus
942 2977 997 3034 per
1008 2959 1048 3016 in-

98 3039 196 3114 justas
209 3035 329 3092 fraudes
344 3037 369 3091 8ι
384 3036 582 3112 deceptiones
624 3036 715 3094 Plura
729 3035 785 3092 huc
799 3037 967 3094 reducenda
981 3037 1048 3096 vide

103 3116 132 3172 in
146 3114 332 3173 catechismo
344 3115 480 3172 Romano
490 3115 526 3172 ad
536 3115 693 3192 septimum
705 3114 847 3190 Deculogi
857 3127 1047 3193 praeceptum.

141 3193 212 3254 Vox
228 3204 245 3230 “
257 3193 386 3250 furtum’
400 3194 492 3270 igitur
506 3194 649 3270 accipitur
663 3193 829 3270 tripliciter,
847 3196 891 3250 10.
905 3194 1047 3254 latissime

102 3282 137 3330 ut
157 3293 262 3350 supro:
294 3270 347 3328 20.
369 3273 439 3342 late,
461 3283 549 3350 prout
570 3271 793 3350 comprehendit
813 3273 1048 3351 furtumstricti

103 3352 213 3410 dictum
235 3353 261 3409 8ι
283 3352 431 3428 rapinam;
462 3355 509 3409 30.
539 3352 641 3410 stricte
665 3354 691 3409 8r
711 3353 841 3431 proprie,
863 3352 900 3411 dc
921 3374 980 3434 quo
1000 3355 1070 3413 hlc=

101 3430 287 3510 potissimum
303 3430 410 3507 agitur.
1045 3474 1048 3480 -

144 3509 225 3584 Quid
239 3511 410 3593 estfactum
424 3510 545 3588 proprie
560 3511 586 3566 8ι
600 3509 700 3568 stricti
714 3511 835 3569 dictum.
1053 3555 1056 3561 .

142 3590 206 3649 lll:
223 3591 261 3649 R„
282 3590 338 3648 Est
351 3590 466 3650 occulta
479 3590 611 3668 acceptio
625 3589 669 3650 rei
682 3589 904 3664 alicnce‚·inrito
916 3592 1047 3653 rationa-

100 3667 201 3729 biliter
215 3669 354 3735 domino,
454 3685 457 3689 ’
849 3670 851 3675 ’
