2160 4034
353 185 397 258 riu
417 217 498 260 sunu
517 217 561 258 ot
580 218 734 260 rusrrrm.
980 209 1019 269 39

101 321 153 377 6⁰.
175 319 252 380 Nou
269 319 499 397 praescribuntur
519 338 568 378 res
582 321 699 379 furtivo
713 321 740 378 dr
754 339 818 399 quae
837 321 867 378 vi
879 340 1019 398 possessus

66 409 151 458 sunt:
176 399 251 477 quia
266 419 314 457 res
327 401 435 457 transit
449 419 514 457 oum
527 399 612 469 vitio,
627 420 686 477 quo
700 400 806 458 affecta
820 411 882 458 ests
895 412 1020 477 possunt

66 490 165 536 tomen
179 499 231 537 res
242 478 317 536 tulos
327 479 364 537 ab
373 479 552 556 acquisitore
562 479 644 538 bouae
656 479 734 549 fidoi,
744 480 794 556 qui
806 499 864 536 non
876 481 914 537 sit
925 480 1018 539 haeres

65 557 262 617 immediatus
277 557 360 627 furis,
374 569 478 636 postea
491 557 640 636 praescribi
652 570 786 636 tempore
795 559 919 636 triginta
928 578 1019 618 anno·

69 656 141 695 rum.
315 660 318 665 ·

103 718 152 773 70.
176 716 252 774 Non
268 715 500 794 proscribuntur
513 735 562 789 res
585 716 796 775 miserabilium
812 736 1014 794 personarum,

69 794 114 873 qui
125 815 184 853 sua
195 795 226 853 in
237 795 309 872 jure
323 804 461 873 repetere
480 815 539 854 non
553 795 662 866 volent,
685 807 718 853 ut
731 807 831 854 mente
845 807 1017 873 nuptorum:

69 873 133 932 tlibi
149 875 248 934 etium
264 895 312 934 res
325 875 472 933 minorum
488 878 526 932 25
540 876 623 932 anuis
637 895 695 933 uon
711 875 949 953 praescribuntur,
965 878 1015 934 &n

99 953 252 1031 Denique
266 974 324 1012 non
336 955 569 1032 praesoribuntur
579 973 626 1012 res
638 973 719 1031 purae
730 955 846 1031 gratiae.

100 1033 259 1091 Finaliter
281 1032 455 1100 notandum,
476 1034 556 1111 qudd
580 1053 657 1112 saepe
684 1035 714 1090 iu
732 1032 802 1110 jure
817 1035 952 1092 dicantur
966 1054 1013 1093 res

69 1111 170 1190 uliquae
194 1132 258 1171 nou
281 1131 369 1190 posse
383 1113 542 1190 praesorilri,
567 1113 637 1189 quie
651 1111 767 1170 tentum
785 1113 1015 1191 praesoribuntur

10 1210 14 1224 ⁸
67 1202 199 1269 tempore
213 1191 401 1271 longissimo,
416 1203 450 1250 ut
464 1204 532 1249 sunt
546 1211 594 1249 res
609 1192 736 1260 furtivae,
750 1212 799 1250 res
813 1192 885 1263 fisoi,
901 1195 952 1250 &o

100 1270 214 1342 Qualis
230 1272 395 1349 requiritur
409 1271 513 1330 titulus
526 1270 563 1329 ud
579 1271 855 1349 proesoriptionem?

10 1346 21 1382 ³
98 1350 142 1408 ll.
167 1351 208 1410 R.
234 1351 412 1428 Requiritur
423 1350 526 1408 titulus
541 1348 578 1408 de
588 1370 619 1409 se
629 1351 819 1408 translativus
834 1350 966 1421 dominii,
982 1363 1014 1409 nt

10 1438 23 1449 '
67 1429 194 1499 donatio,
219 1430 365 1498 venditio,
386 1431 438 1487 &o
459 1431 510 1507 qui
524 1440 622 1487 tamen
637 1429 674 1488 de
687 1431 766 1489 facto
781 1430 943 1488 dominium
958 1449 1016 1488 non

66 1508 229 1578 transtulit,
236 1530 264 1566 v.
276 1529 305 1586 g.
317 1511 386 1587 quia
397 1509 509 1567 donnus
520 1508 566 1566 vel
578 1509 708 1567 vendens
717 1530 775 1567 non
785 1520 850 1567 erat
859 1509 1014 1567 Dominus.

97 1588 180 1645 Hine
192 1588 305 1646 titulus
319 1608 377 1646 non
393 1599 448 1658 est,
472 1588 498 1645 si
512 1589 578 1667 quis
602 1587 709 1647 hebeat
732 1608 796 1646 rem
818 1588 1014 1654 commodant,

63 1667 102 1725 rel
112 1687 181 1725 rem
199 1667 335 1726 nondum
351 1666 521 1726 derelictum
536 1667 693 1738 invenerit,
709 1668 778 1745 quia
791 1666 841 1724 illa
856 1667 892 1724 de
907 1686 938 1724 se
953 1687 1012 1725 non

62 1747 251 1805 transferunt
271 1746 444 1806 dominium.
525 1785 529 1793 ·

91 1827 222 1885 Pariter
231 1825 336 1883 titulus
345 1846 402 1883 non
414 1835 469 1896 est,
480 1826 504 1883 si
517 1825 582 1904 quis
591 1824 698 1884 habeat
708 1845 770 1884 rem
782 1845 820 1885 ex
832 1834 1011 1884 testamento

59 1904 304 1963 solemnitatibus
315 1904 476 1973 destitut03
490 1906 560 1982 quia
570 1905 635 1981 ipso
644 1903 714 1983 jure
723 1905 835 1963 nullum
845 1916 899 1973 est,
909 1907 935 1963 8r
946 1925 1014 1963 con·

58 1995 225 2062 sequenter
236 1985 276 2042 de
290 2004 393 2043 senon
407 1984 614 2043 translativum
629 1985 761 2042 dominii.
803 1984 896 2042 Aliud
910 1995 964 2053 est,
976 2004 1014 2042 an

57 2064 110 2121 telo
125 2075 351 2123 testamentum
372 2063 469 2122 valeat
493 2064 523 2121 in
547 2063 613 2122 foro
634 2063 828 2135 conscientie),
858 2064 894 2122 de
909 2084 967 2141 quo
982 2065 1011 2121 in

59 2143 209 2202 Tractatu
231 2153 250 2181 ‘⁶
262 2142 299 2202 de
311 2143 546 2203 Corrtraotibus.''
613 2183 616 2188 -

92 2222 282 2281 Notandum
306 2223 405 2290 etiam,
430 2222 508 2302 quod
524 2222 573 2280 illo
595 2222 699 2281 titulus
714 2222 750 2280 de
775 2242 806 2281 se
821 2223 1011 2281 translativus

57 2301 182 2360 dominii
209 2301 320 2360 debeat
343 2301 463 2360 realiter
487 2303 626 2370 existere,
651 2302 784 2380 adeoque
800 2322 856 2359 non
878 2303 1011 2372 sufficiat,

58 2381 132 2458 qndd
148 2381 224 2460 quis
240 2381 319 2440 bomi
332 2380 390 2438 fide
405 2382 556 2439 existimet
570 2381 633 2458 ejus
643 2382 841 2452 existentiam,
857 2383 880 2438 si
896 2384 913 2439 ὲ
928 2394 1011 2459 porte

59 2461 97 2519 rei
110 2481 173 2519 uon
188 2463 314 2531 existat,
335 2472 368 2518 ut
382 2461 406 2517 si
422 2460 487 2538 quis
498 2469 583 2538 putet
598 2480 629 2520 se
643 2462 758 2530 emisse,
781 2463 875 2518 &nou
888 2462 1011 2527 enrerit3

60 2540 131 2598 douo
146 2540 316 2617 accepisse,
331 2541 427 2598 &non
442 2541 597 2617 acceperit.

95 2621 128 2678 ln
155 2620 390 2697 praescriptione
417 2628 516 2676 tamen
537 2618 701 2695 longissimi
725 2620 876 2697 temporis,
905 2619 1009 2678 titulus

61 2698 294 2776 praesumitur&
313 2697 432 2776 probari
452 2718 509 2756 non
525 2697 622 2764 debet,
644 2699 698 2756 nisi
712 2699 869 2756 vehemens
881 2698 1008 2776 suspicio

63 2780 101 2848 sit,
124 2798 195 2838 rem
211 2777 299 2856 eujus
315 2777 498 2855 praescriptio
513 2777 717 2853 praetenditur,
745 2779 837 2835 fuisse
853 2776 929 2836 ruald
950 2779 1007 2836 fide

62 2859 236 2936 requisitam
254 2855 301 2915 vel
316 2876 490 2936 possessum.
532 2857 565 2914 ln
581 2858 802 2934 praesoriptione
830 2859 1007 2916 servitutum

64 2957 106 3014 pro
119 2936 216 2996 titulo
235 2937 363 2995 liabetur
378 2936 521 3013 patientia
535 2936 643 3012 prioris
659 2937 791 2994 Domini.

67 3097 95 3154 N.
107 3100 157 3155 26.
176 3097 243 3155 DE
258 3094 523 3154 POSSESSION
527 3095 552 3151 E
568 3095 806 3166 REQUISITA
822 3096 883 3153 Al)
898 3097 1007 3156 PRAE·

382 3174 692 3234 SCRIPTlONEM.

67 3299 83 3355 l.
100 3298 281 3374 Requiritur
289 3298 426 3372 possessio
436 3296 621 3372 sullemsucli.
663 3295 676 3353 I
682 3295 704 3353 l.
726 3296 828 3372 anue
836 3300 1006 3354 continuata.

95 3379 155 3437 lll.
182 3377 373 3435 Continuutio
392 3376 539 3452 tripliciter
553 3377 711 3452 impeditur.
754 3376 808 3434 lv.
829 3375 896 3432 Non
910 3396 1007 3450 prooe-

92 3458 193 3515 dendm
239 3455 280 3514 V.
300 3454 485 3513 Dormiendo.
529 3455 584 3513 Vl.
604 3454 647 3513 Et
659 3455 891 3531 interrumpendo.
933 3454 1007 3514 Vll.

93 3537 272 3612 Requiritur
286 3543 319 3592 ut
329 3536 415 3591 sciam
429 3554 471 3591 me
486 3535 636 3610 possidere.
677 3535 721 3593 Vl
727 3535 740 3592 l
745 3535 768 3590 l.
793 3533 884 3609 Cujus
897 3536 1007 3592 uootiue

89 3616 265 3694 possidetur,
286 3615 345 3691 ojus
353 3614 556 3691 proesoriditur.

98 3733 313 3810 QUAENAM
328 3736 475 3813 possessio
488 3735 650 3815 requiritur
664 3737 700 3794 ad
712 3733 962 3813 proscriptionem
976 3743 990 3800 ?

12 3788 47 4010 l
132 3832 205 3870 VOL·
218 3830 256 3870 11.
579 3834 602 3874 D
