2160 4034
66 144 128 203 att
431 156 653 239 rotmarus.
716 180 721 193 .
778 160 785 195 ε

65 262 149 330 titus,
179 259 357 320 dividissent
381 259 498 321 luomm
523 262 676 322 societatis
700 258 1001 342 proportionctimtd
1040 281 1045 308 ³

65 351 166 420 partes
180 339 318 398 collatas:
340 341 517 416 ergo-etiem
531 361 608 401 nanc
621 340 872 402 itsdividendnm
886 352 942 401 eet.
1042 360 1046 384 ··

103 419 165 481 111.
185 420 224 479 R.
244 421 282 477 3⁰
306 420 336 479 Si
351 420 423 477 vero
438 440 512 478 uuus
526 421 675 481 sociorum
698 423 835 481 conferat
849 422 1002 499 pomarium,
1031 418 1046 464 ‘¹

65 508 97 561 et
109 498 186 557 aiter
199 498 374 557 industriam
387 509 440 557 aut
453 498 585 558 laborem
608 501 701 577 priori
715 500 807 560 modo
820 502 1005 573 considerem,
1044 519 1046 541 ³

63 577 154 638 debet
167 578 274 646 socius,
297 579 349 658 qui
361 576 488 637 contulit
501 579 665 656 pecuniam,
688 578 775 639 finiet
794 579 944 638 societate
956 598 1005 645 sor-

64 667 125 716 tem
140 677 222 715 suam
247 657 405 715 extrahere
418 656 552 726 liberam,
573 669 604 716 et
626 657 750 727 lucrum,
771 658 857 736 quod
871 671 1005 735 superest,

63 736 198 797 dividere
211 756 277 795 cum
290 735 385 795 altero
408 736 475 816 (qui
490 745 606 795 tautum
629 749 677 797 est
695 736 882 815 apparenter
905 738 1005 816 socius)

63 815 225 877 secundum
237 815 472 893 proportionem,
492 815 531 875 de
543 835 603 897 qua
615 828 829 876 convenerunt.

103 895 194 953 Hunc
213 906 397 953 contractum
421 893 594 973 plerumque
618 895 722 954 ineunt
741 905 930 956 mmcatores
951 915 1008 956 cum

62 973 123 1035 suia
136 974 322 1033 institoribus
336 973 443 1052 (vulgd
458 973 620 1034 foetoribus
628 974 653 1052 t)
673 976 827 1034 nonenim
843 973 952 1034 volunt
964 994 1007 1034 eos

62 1052 221 1113 admittere
243 1052 282 1112 ad
305 1053 487 1124 societatem,
515 1053 585 1113 dum
609 1054 653 1111 nii
678 1055 811 1132 pecuniae
838 1056 1009 1127 conferunt:

61 1131 115 1193 sed
129 1142 162 1192 ut
175 1134 235 1192 sint
254 1132 467 1210 diligentiores,
488 1132 560 1191 dant
583 1132 626 1191 eis
650 1133 681 1191 in
703 1133 874 1193 mercedem
900 1145 1009 1211 partem

60 1210 145 1281 lueri,
166 1233 225 1291 quo
248 1211 292 1281 fit,
312 1221 346 1270 ut
366 1213 392 1269 ai
416 1231 465 1270 res
489 1211 564 1270 bene
578 1212 726 1282 succedat,
747 1212 844 1272 multo
859 1212 928 1290 plus
941 1215 1008 1271 ecci·

61 1291 153 1370 pient,
175 1312 263 1370 quam
277 1311 379 1350 eorum
402 1309 495 1369 opera
515 1301 680 1360 mereatum
699 1292 725 1351 ai
740 1290 826 1363 male,
849 1291 948 1351 multo
959 1293 1007 1351 mi·

61 1389 117 1430 nus
130 1372 283 1448 accipiant.
555 1442 559 1447 Ι
881 1374 884 1379 “
964 1404 966 1409 ·

101 1449 259 1523 Quomodo
274 1448 465 1508 dividendum
479 1460 526 1509 est
539 1449 679 1508 damnum
693 1450 874 1510 societatis?

65 1572 74 1581 .
103 1528 158 1591 lv.
174 1530 218 1593 R
243 1529 284 1589 Ut
292 1528 356 1605 jam
367 1529 479 1587 dictum
492 1540 540 1588 est
550 1528 587 1588 dc
597 1529 680 1589 lucro
689 1531 848 1598 communi,
865 1530 911 1588 ite
922 1531 1007 1590 resoi·

62 1607 191 1667 rendum
204 1620 251 1666 est
263 1607 301 1667 de
323 1609 472 1667 communi
495 1609 621 1668 damnor
640 1610 719 1668 unde
734 1609 764 1667 in
778 1629 850 1668 casu
864 1610 968 1687 primm
980 1622 1007 1668 et

61 1688 197 1747 secundm
210 1687 410 1764 responsionis
424 1686 534 1748 debent
548 1689 622 1746 socii
633 1688 713 1748 ferre
724 1687 868 1747 damnum
882 1708 938 1766 pro
948 1701 991 1748 rut

61 1767 189 1846 portium
203 1767 385 1827 collatorum.
448 1816 452 1823 .
879 1816 882 1821 ⁴
949 1792 954 1801 ·

102 1844 138 1911 ln
151 1867 219 1904 casu
234 1845 306 1905 γετὸ
322 1847 418 1904 tertiae
432 1846 643 1924 responsionis,
656 1866 721 1906 cum
733 1856 804 1906 tunc
814 1847 940 1924 proprie
953 1867 1006 1907 nou

61 1925 243 1994 titsocietas,
257 1925 309 1983 sed
321 1925 477 1983 conductio
488 1945 656 2003 operarum,
669 1937 765 1985 totum
776 1926 919 1985 damnum
931 1926 1006 1985 vide·
1042 1972 1044 1979 .

60 2013 110 2064 tur
124 2015 257 2082 spectare
280 2004 317 2062 ad
331 2003 423 2071 iilum,
448 2005 499 2082 qui
514 2006 667 2081 pecuniam
684 2005 825 2064 contulit:
848 2005 899 2063 hic
911 2016 1006 2063 tamen
1043 2050 1046 2065 .

59 2102 118 2145 non
132 2093 252 2143 tenetur
266 2082 361 2151 alteri,
376 2083 426 2163 qui
440 2103 546 2160 operas
556 2104 623 2142 suas
635 2103 689 2161 pro
700 2098 784 2163 parte
796 2084 926 2162 quodam
938 2085 1006 2143 lucri

60 2161 195 2231 oletavit,
209 2161 246 2219 od
260 2162 528 2239 compensationem
540 2163 663 2221 istarum
674 2184 842 2241 operarum,
856 2163 883 2220 si
897 2163 1006 2222 nulium

58 2240 178 2305 luorum,
188 2239 323 2316 obtingat
332 2265 346 2310 3.
360 2241 430 2318 quia
442 2240 519 2299 alter
541 2261 598 2319 pro
611 2242 747 2303 mercede
770 2263 892 2301 suarum
907 2262 1005 2321 opera·

60 2340 128 2381 rum
141 2319 245 2385 hebuit
258 2340 339 2397 spem
354 2320 428 2379 lucri
443 2321 513 2379 vere
533 2321 629 2399 pretio
643 2320 857 2381 oestimebilem.

103 2397 173 2478 obj.
187 2411 290 2458 contra
303 2400 463 2477 praedicta:
478 2401 608 2477 ,pecunia
620 2413 666 2459 est
679 2402 717 2460 dc
739 2422 771 2460 so
784 2401 915 2481 sterilis:
937 2421 1006 2480 ergo

62 2479 114 2558 qui
126 2479 220 2539 solem
234 2479 360 2538 contulit
373 2480 536 2557 pecuniam,
550 2479 591 2537 nil
601 2491 700 2558 potest
714 2481 743 2538 in
758 2481 902 2540 societate
916 2481 1005 2539 lucra·

62 2561 99 2629 ri,
139 2558 197 2619 uod
212 2568 258 2618 est
279 2570 382 2618 contra
405 2558 563 2618 secundam
584 2573 615 2619 et
633 2561 751 2619 tertiam
776 2561 1006 2637 responsionem

61 2580 214 2699 Proietur
238 2657 355 2716 conseq.
379 2639 449 2716 quia
471 2658 520 2696 res
543 2637 580 2697 de
605 2657 637 2697 se
657 2638 766 2697 sterilis
786 2639 826 2697 nii
842 2640 961 2699 confert
972 2641 1007 2698 ad

61 2717 186 2855 plectum,
207 2717 286 2799 quod
300 2719 452 2777 occasione
476 2717 569 2796 ipsius
584 2715 735 2779 obtinetur
757 2739 811 2796 per
831 2719 1006 2778 industriam

93 2797 195 2855 terius.
651 2850 655 2855 .

102 2876 142 2935 R.
162 2875 243 2953 Neg.
256 2896 376 2956 conseq.
390 2878 481 2938 Ratio
495 2886 552 2945 est,
570 2877 723 2956 pecuniam
747 2877 834 2936 simod
847 2898 882 2936 ac
895 2877 1008 2936 conier-

63 2964 113 3016 tur
126 2955 156 3012 in
171 2957 353 3026 societatem,
374 2967 406 3017 et
419 2957 583 3036 applicatur
606 2978 671 3015 eum
687 2957 832 3016 industria
851 2957 1008 3026 sociorum,

61 3033 238 3112 frugiferam
261 3036 326 3093 ficri
337 3058 345 3095 ε
358 3048 476 3095 etcum
499 3056 549 3095 res
562 3037 712 3095 societatis
735 3037 863 3096 debeant
876 3036 1008 3096 conside·

61 3114 124 3173 reri
144 3123 286 3190 tanquam
309 3134 489 3186 communes,
509 3115 642 3194 pecunia,
663 3135 728 3196 quae
754 3118 774 3175 a
796 3116 876 3175 socio
904 3115 1010 3174 coliate

61 3194 129 3263 fuit,
149 3191 189 3251 fit.
198 3195 371 3263 communis,
391 3194 468 3253 sicut
481 3206 512 3253 et
535 3194 776 3273 industrieque
790 3195 827 3254 ab
841 3195 938 3253 altero
952 3194 1010 3253 eol·

62 3273 124 3333 lota
137 3282 192 3341 cat,
213 3274 376 3331 communis
389 3274 442 3342 fin
462 3286 493 3333 et
507 3275 630 3352 proinde
644 3276 768 3351 pecunia
778 3275 943 3332 communis
957 3292 1010 3351 per

61 3350 238 3411 industriam
265 3371 450 3411 communem
476 3353 614 3431 producit
646 3354 736 3413 etiarn
772 3354 887 3412 lucrum
905 3353 1010 3412 ¹sociis

62 3450 227 3566 eompnune,
248 3431 382 3508 quemvis
396 3434 528 3511 sepositi
548 3433 694 3492 industrii
717 3433 840 3511 pecunie
861 3433 901 3494 sit
920 3432 959 3492 de
980 3452 1011 3492 re

60 3510 132 3569 steri
145 3509 180 3569 is.
322 3558 325 3563 .
420 3562 424 3571 .
522 3562 526 3570 ,

103 3581 232 3666 obj.‘11.
253 3589 285 3649 S.
299 3589 406 3651 Thom.
419 3603 525 3671 quaest.
538 3595 585 3652 78.
600 3601 655 3653 art.
675 3596 703 3653 2.
716 3592 754 3653 ad
768 3595 798 3651 5.
811 3592 899 3653 dicit:
922 3600 941 3632 “
955 3589 1009 3652 Illo
