2160 4034
92 109 152 168 322
416 154 420 163 .
490 123 678 167 resonares

94 227 274 289 transfertur
287 235 357 287 ante
384 226 562 289 solutionem
586 228 686 309 pretii,
714 229 771 289 etsi
794 227 920 288 traditio
939 230 1028 290 mareis

93 309 173 368 faeta
186 308 234 374 sit,
249 307 306 366 nisi
321 305 459 366 venditor
472 319 628 368 censeatur
641 309 670 366 in
683 307 806 367 dominii
820 306 1031 368 translationem
1062 306 1072 352 i

93 387 280 446 consensisse
306 397 425 446 secatus
451 387 540 465 fidem
563 387 716 467 emptoris,
737 399 772 447 ut
784 407 864 466 saepe
876 387 923 456 fit,
949 389 1031 449 antia
1056 390 1072 434 ·⁶

92 465 182 525 fidem
210 463 366 525 solutionis
390 466 588 544 acceptaverit
615 467 723 546 pignus
743 467 790 526 vel
814 465 1033 544 fide-jusseram.
1066 470 1072 508 ³

93 545 174 606 Vide
187 544 220 603 N
221 564 279 602 um.
293 548 342 603 62.
362 555 380 583 “
392 545 431 605 de
444 547 520 606 Jure
534 556 565 605 et
576 547 727 609 lustitia!
1010 594 1012 599 .

134 624 274 684 Sufficere
289 635 387 684 tamen
402 636 502 702 potest
515 625 639 685 traditio
658 627 737 696 dota,
750 633 785 684 ut
799 623 933 685 diximus
946 624 1033 685 Md

93 703 453 765 “delureetdustitia.''
862 742 866 749 ·
972 744 975 749 -

132 783 182 842 Ex
196 783 283 842 dietis
297 783 414 862 collige,
428 805 491 843 rem
503 784 555 843 uni
566 784 728 857 venditam,
742 785 795 845 sed
808 783 940 842 nondam
954 782 1034 841 tradi·

91 873 152 922 tam
166 861 277 940 injuste
290 863 409 943 quidem
421 863 510 923 vendi
525 864 621 936 alteri,
641 865 694 925 sed
708 884 767 925 non
782 862 890 931 valide,
919 862 946 920 ei
959 862 1037 921 alteri

91 941 178 1001 eimtd
192 943 243 1001 dat
254 943 394 1011 traditio;
417 944 486 1024 quia
500 944 582 1022 prior
592 944 725 1004 venditio
737 944 801 1002 sine
816 940 980 1002 traditione
990 942 1036 1003 tri·

89 1019 155 1080 buit
168 1020 284 1080 tanttlm
291 1020 342 1099 jus
356 1023 393 1081 ad
405 1043 477 1092 rem,
493 1043 547 1096 neo
560 1022 683 1083 abstulit
695 1023 845 1083 venditori
860 1020 1036 1090 dominium

88 1099 168 1161 unde
181 1111 283 1179 potest
291 1101 386 1160 adhue
397 1101 469 1162 illud
483 1102 580 1162 valide
591 1104 753 1163 transferre
768 1103 797 1161 in
812 1101 952 1161 alterum.
1070 1096 1072 1101 ’

130 1179 162 1240 Si
177 1191 275 1239 tamen
289 1182 438 1260 posterior
448 1201 494 1241 em
517 1192 566 1241 tor
579 1181 657 1242 mala
669 1182 728 1241 lide
742 1181 934 1261 processerit,
948 1179 1036 1241 sciens

87 1258 227 1318 nimirum
239 1280 300 1317 rem
313 1261 391 1320 illam
402 1259 465 1337 jam
505 1262 562 1320 teri
572 1260 740 1329 venditam
753 1270 856 1339 posset
865 1260 952 1339 prior
962 1278 1035 1338 emp-
1070 1332 1072 1337 Ι

87 1346 138 1397 tor
151 1359 215 1399 eam
230 1339 287 1397 eibi
299 1340 457 1412 vindicare,
471 1350 505 1399 ut
519 1340 631 1401 dietum
646 1351 692 1400 est
705 1341 797 1400 Num.
810 1342 861 1399 23.
883 1349 902 1378 ‘⁴
912 1337 950 1400 de
964 1339 1034 1403 June

88 1426 149 1478 “et
163 1419 314 1480 lustitia’'

1067 1511 1072 1545 Ι

38 1534 41 1539 ’
125 1575 166 1635 n.
180 1579 233 1637 se.
274 1577 334 1637 nn
355 1576 578 1639 anniceto
600 1576 658 1638 nr
678 1576 909 1653 commone
930 1564 1005 1639 nm

450 1656 677 1718 vnnomm.
1063 1666 1072 1703 ε

88 1776 113 1835 Ι.
132 1776 327 1848 Resoeadita,
369 1776 412 1837 11.
430 1777 611 1838 meadum
626 1781 744 1838 astetens
756 1776 1026 1855 mbdominiooan
1063 1822 1072 1858 ,

125 1859 202 1926 toria
245 1856 613 1926 neminemnam,
638 1858 877 1937 peritoenditori.
920 1855 976 1916 lv.
997 1854 1026 1914 Si
1059 1886 1072 1936 :,

121 1937 313 2006 determinata,
341 1938 466 2014 emptori.
506 1936 545 1997 V.
565 1936 645 1995 Idem
662 1939 710 1996 die
729 1939 764 1996 de
791 1935 1024 1996 meliorationes
1060 1934 1064 2017 l

120 2015 332 2074 dmiorotione
344 2018 387 2074 rei
399 2016 468 2074 etde
480 2017 694 2095 q'usfructibos.

122 2133 298 2194 GUINAM
311 2154 359 2194 res
373 2134 495 2195 vendita
509 2136 614 2214 perit?

120 2213 146 2274 Ι.
160 2214 198 2273 Β.
214 2214 359 2292 Sepositis
372 2225 469 2292 paeto,
494 2213 580 2292 eulpa
590 2215 616 2274 8ι
626 2233 720 2285 mora,
734 2233 782 2273 ves
798 2212 879 2290 perit
892 2210 1023 2290 emptori,

27 2336 36 2358 ,
78 2293 105 2430 li
118 2312 173 2371 per
183 2293 373 2353 traditionem
385 2304 436 2353 aut
450 2293 537 2353 aliter
550 2293 713 2353 dominium
723 2293 769 2354 rei
783 2293 814 2351 in
825 2292 922 2371 ipsum
937 2301 1025 2357 trans·

90 2373 230 2432 atumsit.

118 2451 163 2512 ll.
175 2452 207 2513 si
218 2470 289 2511 vero
301 2472 348 2511 res
357 2451 478 2512 vendita
487 2452 614 2511 necdum
621 2451 764 2510 translata
774 2451 813 2510 sit
821 2450 851 2509 in
866 2448 1026 2527 dominium

80 2532 232 2612 emptoris,
243 2551 271 2591 v.
282 2552 312 2609 g.
323 2534 392 2610 quia
403 2532 533 2591 nondum
544 2532 622 2597 faeta
633 2542 679 2590 est
692 2531 825 2602 traditio,
840 2541 912 2589 tuno
926 2530 1026 2590 distin·
1070 2548 1072 2557 ·

78 2612 228 2691 guendum
243 2623 288 2670 est
302 2612 432 2671 seilicet:

118 2690 179 2751 ΙΙΙ.
200 2691 258 2752 Vel
272 2710 319 2750 res
343 2710 401 2750 non
425 2700 470 2750 est
490 2689 520 2749 in
540 2684 696 2770 individuo
721 2686 929 2759 determinata,
956 2708 985 2746 v.
997 2707 1025 2766 g.

78 2778 217 2829 emuntur
227 2791 281 2830 sex
292 2790 362 2829 oves
371 2791 409 2829 ex
418 2789 520 2851 grege,
530 2768 847 2848 easnondesignando;
862 2770 970 2828 &tune
978 2787 1025 2827 res

77 2848 199 2913 vendita
211 2851 290 2930 perit
299 2849 457 2922 venditori,
472 2849 614 2933 quamdiu
624 2859 724 2908 manet
737 2849 767 2906 in
779 2846 935 2926 individuo
944 2846 1025 2907 inde·

77 2930 243 2988 terminata.

118 3009 262 3073 Similiter
276 3009 354 3088 perit
368 3009 578 3089 venditorires
591 3007 713 3067 vendita
722 3006 967 3076 &determinata
976 3004 1027 3065 sed

76 3087 207 3148 nondum
216 3090 390 3167 ponderata,
402 3099 557 3148 numerata
571 3098 622 3145 aut
635 3096 815 3154 mensurata,
829 3105 899 3163 mg.
913 3085 938 3144 si
949 3104 1027 3145 eme·

76 3167 118 3231 ris
131 3186 171 3229 ex
181 3168 280 3249 aliquo
293 3188 361 3249 vase
376 3168 477 3227 decem
488 3166 594 3261 pocula
605 3164 671 3236 olei,
683 3171 709 3224 dl
718 3164 844 3225 necdum
854 3176 1028 3225 mensurata

76 3248 152 3319 sint;
166 3247 191 3307 si
200 3268 252 3307 vas
286 3258 377 3318 ereat,
392 3246 429 3305 ad
444 3246 516 3305 nihil
528 3244 688 3305 teneberis.

91 3326 93 3331 ’
115 3328 199 3389 Idem
209 3268 302 3386 diade
312 3327 483 3385 venditione
494 3325 712 3392 conditionata
728 3322 797 3401 qnia
807 3334 876 3382 ante
887 3324 1025 3402 purifica·

73 3409 186 3469 tionem
196 3427 248 3467 seu
262 3417 403 3483 eventum
411 3404 588 3487 conditionis
596 3404 758 3484 perieulum
771 3404 797 3463 a
811 3403 1025 3478 detrimentem

73 3488 117 3549 rei
152 3488 262 3565 ertinet
282 3486 319 3546 ad
332 3485 527 3544 venditorem.

114 3569 129 3628 1
161 3609 170 3629 .
184 3567 244 3630 Vel
254 3587 302 3627 res
313 3564 447 3626 absolute
457 3564 586 3637 vendita,
598 3563 656 3625 etei
664 3562 794 3623 nondum
803 3561 923 3632 tradita,
934 3571 982 3620 est
993 3561 1023 3620 in

72 3646 226 3739 individuo
237 3646 449 3719 determinata3
463 3655 494 3704 et
502 3640 789 3725 tunasaltemjuxta
795 3641 847 3727 jus
856 3661 1022 3715 commune,
