2160 4034
344 184 388 227 on
406 185 489 228 soar
508 184 552 227 rr
571 185 728 229 rosrrrm.
976 170 1010 227 ll

88 287 258 361 Quomodo
272 287 352 347 iuter
366 308 399 347 se
413 287 558 347 differunt
567 288 618 366 jus
632 288 663 345 in
677 308 711 346 rc
725 288 752 345 tt
760 286 812 365 jus
821 287 859 346 ad
869 291 958 349 rem?

89 367 150 429 lv.
164 367 207 426 R.
232 369 280 425 1⁰.
302 367 336 426 In
353 387 399 436 eo,
421 367 503 445 quod
519 365 571 445 jus
594 367 624 425 in
638 386 671 426 ro
685 367 738 425 det
750 367 896 426 actionem
911 389 1012 448 perso-

51 445 147 505 nalem
163 448 192 504 a
206 447 330 516 realem,
346 445 399 524 jus
413 447 527 506 adrem
541 446 634 506 solam
648 447 796 506 actionem
809 448 1012 525 personalem:

51 524 129 583 unde
140 527 168 583 a
181 525 303 585 facilius
317 526 477 585 amittitur.
738 541 744 553 ·

10 648 12 655 .
89 607 137 663 20.
159 604 214 663 Ad
234 604 288 684 jus
309 605 338 662 in
361 625 395 663 re
417 605 612 683 requiruntur
626 605 701 665 tria:
722 605 834 665 seilicet
849 607 1009 666 existentia

54 685 105 753 rei,
125 683 286 761 legitimus
314 684 432 753 titulos,
454 695 486 743 et
508 684 641 754 traditio,
663 685 838 762 quibusdam
854 686 969 745 casibus
983 688 1013 745 in

51 763 115 841 jure
129 764 280 841 exceptis,
300 763 338 822 de
363 764 472 842 quibus
487 764 610 822 Lessius
623 762 675 822 lib.
691 767 718 822 2.
746 784 800 841 cap
813 768 842 822 3.
866 765 958 824 dubio
980 768 1009 824 3.

56 841 191 901 Moribus
205 844 320 902 nostris
334 864 390 921 pro
409 845 480 921 juro
494 843 524 900 in
535 863 569 901 re
583 841 728 902 immobili
742 845 906 922 requiritur
919 845 1011 903 inha-

56 921 167 981 redatio
194 922 348 994 solemnis,
379 922 521 981 flandriae
552 923 792 1000 “goedenisse:”
812 932 846 982 ut
869 926 936 1002 quis
959 925 1011 984 ha·

61 1003 117 1060 beat
125 999 182 1078 jus
196 1002 237 1060 ad
252 1023 327 1073 rem,
349 1003 457 1061 suffieit
471 1002 552 1061 solos
565 1001 680 1061 titulos.

89 1081 223 1140 Defeetu
239 1083 345 1159 primas
360 1081 549 1151 conditionis,
570 1081 762 1140 beneficiatos
786 1102 845 1141 non
859 1082 950 1141 habet
958 1084 1009 1161 jus

10 1217 14 1231 ,
59 1161 82 1217 in
90 1179 121 1217 re
135 1160 294 1219 fruetuum
310 1161 463 1239 sequentis
477 1161 563 1219 anni:
586 1160 704 1219 defectu
719 1161 863 1232 secundae,
886 1163 968 1220 iures
982 1165 1009 1220 a

60 1240 175 1297 usurarii
187 1240 350 1310 bonorum,
366 1259 432 1318 quoe
442 1239 524 1299 furto
535 1249 587 1297 aut
595 1240 693 1298 usuris
703 1240 877 1318 possidente
890 1240 1009 1300 defectu

10 1365 24 1402 ι
62 1320 154 1388 tertia,
171 1331 298 1397 emptor
311 1321 356 1379 rei
370 1330 440 1378 ante
449 1319 640 1378 traditionem
655 1319 798 1398 ejusdem,
812 1320 902 1379 etiam
913 1320 1011 1379 squto

10 1424 27 1481 p
63 1399 153 1475 pretio,
171 1397 249 1475 jure
263 1400 380 1457 scilicet
394 1399 553 1457 communi.

87 1479 118 1535 A
137 1479 273 1539 Joristis
283 1479 430 1537 dividitur
438 1478 490 1555 jus
501 1476 663 1537 seeundum
674 1476 791 1555 objecta
801 1477 831 1535 iu
844 1479 1011 1557 personale,

10 1584 32 1649 ;''
63 1557 125 1695 prod
140 1569 191 1616 est
200 1558 246 1616 ad
252 1577 423 1636 personam,
438 1559 465 1630 dt
478 1557 568 1628 reale,
583 1558 663 1635 quod
672 1567 719 1615 ost
728 1559 837 1617 adrem
851 1560 871 1617 a
883 1578 1010 1637 persona

75 1636 235 1696 istinetam.
746 1686 753 1699 .

10 1757 35 1798 Μ
89 1715 197 1774 Potest
209 1717 305 1774 etiam
325 1715 377 1793 jus
398 1714 478 1774 reale
492 1714 587 1773 dividi
608 1715 638 1773 in
652 1715 753 1792 plures
768 1716 889 1795 speeies,
910 1715 1012 1795 quales

10 1820 34 1877 [d
63 1804 113 1853 runt
125 1794 314 1866 dominium,
335 1796 531 1865 ususfructus
553 1814 632 1863 usus,
653 1797 792 1865 servitus,
819 1797 937 1873 pignus,
958 1797 1009 1854 &o

10 1901 34 1954 zi·
62 1872 153 1950 quibus
165 1875 271 1934 affinis
286 1886 332 1934 est
345 1875 503 1954 possessio,
525 1873 562 1933 de
578 1873 685 1952 quibus
699 1874 729 1932 in
744 1875 945 1955 sequentibus

326 2076 368 2136 N.
382 2078 409 2134 8.
451 2075 512 2134 DEI
532 2073 742 2135 DOMINIO.

53 2233 72 2292 I.
90 2234 284 2293 Domiuium.
336 2234 377 2293 11.
396 2235 620 2294 Jurisdictiouis.
673 2232 733 2291 III.
752 2233 798 2292 Et
817 2236 1010 2312 prepricurta's.

85 2313 144 2374 IV.
177 2314 370 2390 Explicatur.
431 2313 470 2374 V.
489 2312 534 2371 Et
558 2313 707 2373 diuiditur.
768 2312 825 2373 VI.
845 2315 884 2372 Iu
910 2315 1010 2374 ultum.

84 2394 165 2452 VII.
202 2393 251 2451 Ec
272 2393 394 2458 besuam.
455 2391 548 2450 VIII.
586 2391 743 2468 Perfectum
763 2392 789 2465 ὃς
809 2394 1006 2473 Imperfectum.

85 2472 149 2531 IX.
170 2473 375 2552 Imperfectum
386 2482 427 2530 cst
437 2473 573 2530 directum
586 2471 632 2528 uel
642 2471 718 2529 utile.

85 2595 206 2667 QUID
230 2604 278 2653 est
300 2593 496 2651 Dominium?

86 2675 111 2733 I.
135 2675 176 2732 R.
195 2672 390 2733 Generaliter
398 2684 548 2749 sumptum
564 2670 722 2729 definitur:
737 2670 871 2748 legitima
879 2680 1012 2748 potestas

50 2754 173 2831 propria
196 2752 384 2811 authoritate
409 2750 585 2829 disponendi
610 2751 647 2809 de
667 2749 842 2828 quibusdam
856 2749 945 2809 rebus
959 2763 1011 2809 aut

86 2853 198 2891 rsours.

51 2853 273 2970 peDominium
288 2913 330 2969 sie
343 2909 524 2988 generaliter
539 2921 689 2986 sumptum
709 2908 852 2968 diriditur
867 2909 897 2967 in
916 2909 1011 2969 domi-

53 2991 130 3048 nium
140 2991 369 3070 jurisdictionis
384 2991 410 3048 &
424 2989 625 3066 proprietatis·

93 3071 132 3129 II.
154 3070 337 3128 Dominium
345 3069 565 3146 jurisdictionis
575 3081 621 3128 est
630 3068 681 3145 jus
692 3068 814 3145 proprisi
828 3068 1010 3126 authoritate

56 3149 241 3225 gubernandi
258 3149 412 3207 subditos:
434 3149 489 3206 hoo
504 3147 629 3206 ulterius
644 3147 788 3206 dividitur
802 3150 831 3205 iu
849 3147 1011 3206 Ecclesias-

58 3231 140 3287 ticum
155 3232 185 3288 a
202 3227 354 3286 saeeulare.

92 3310 149 3368 III.
173 3308 356 3366 Dominium
370 3307 563 3385 proprietatis
584 3307 639 3387 (de
654 3326 712 3383 quo
727 3305 774 3364 hic
789 3306 903 3384 agitur)
921 3305 1009 3382 vulgo

59 3389 213 3448 definitur:
231 3388 285 3465 jus
307 3387 484 3464 disponendi
506 3387 543 3445 de
567 3407 600 3444 re
624 3385 722 3463 aliqua
745 3397 885 3463 tanquam
906 3386 960 3443 susi
973 3385 1011 3443 ad

58 3469 205 3547 proprium
232 3467 431 3538 commodum,
453 3467 483 3524 in
508 3466 670 3544 quemlibet
692 3484 790 3523 casum
815 3467 833 3522 a
856 3465 922 3540 Iege
950 3484 1009 3522 non

77 3547 252 3606 rohibitum.

61 3567 76 3625 P
92 3628 145 3688 IV.
168 3626 298 3685 Dieitur
319 3635 336 3664 “
351 3627 373 3686 J
376 3625 426 3684 us”
447 3625 559 3685 scilieet
573 3625 601 3684 in
611 3645 654 3697 re,
667 3623 736 3702 quia
747 3642 834 3682 omne
846 3621 1007 3681 dominium

66 3717 98 3766 ut
106 3707 157 3785 jus
172 3707 203 3765 in
219 3724 267 3764 re.
