2160 4034
64 179 121 239 lit
457 190 645 234 rmorarus

62 315 147 357 suum
157 292 505 373 deprehendit,teneatur
514 293 677 373 exjustitia
685 293 888 372 impedire,ne
897 293 928 351 in

61 375 113 435 illa
127 373 253 433 ulterius
266 383 376 452 serpat,
397 384 431 433 ut
444 373 596 451 colligitur
606 393 645 432 ex
659 373 750 432 Num.
764 377 812 432 43.
827 376 929 432 circat

103 455 193 529 Quod
205 454 228 512 si
240 453 391 513 ulterioris
402 452 615 532 divulgationis
625 452 787 531 periculum
799 474 860 513 uon
872 454 923 524 sit,

63 534 220 604 Daelman,
234 552 353 592 necesse
366 550 510 601 accesso,
522 542 555 591 ut
564 531 633 592 talis
644 541 787 592 retractet
796 552 884 592 suum
894 552 929 591 ve

62 614 142 692 apud
155 613 231 684 illos,
242 612 348 693 quibus
359 611 577 690 inculpabiliter
590 611 700 670 crimen
711 612 759 672 vel
771 613 925 671 defectum

62 692 154 752 lavit:
174 693 279 752 verum
292 692 412 751 omnino
427 691 583 750 dicendum
597 690 726 762 videtur,
754 691 836 770 quod
850 692 888 751 ad
904 691 929 749 h·

62 784 185 842 uectum
204 772 274 853 quia
294 771 417 830 infamia
438 769 579 850 quamditl
592 781 692 830 manet
710 773 740 830 iu
762 783 864 831 mente
878 771 929 829 alit

63 851 177 910 tamdiu
187 870 294 911 nocere
305 851 451 910 censenda
465 851 521 909 sit:
542 869 615 929 argo
623 851 692 909 talis
700 850 900 932 relinquendo
910 871 929 908 rr

62 931 233 1010 opinionem
247 932 277 988 in
291 941 392 989 mente
405 930 541 1000 aliorum,
562 939 700 990 censetur
713 950 801 990 causa
814 931 929 990 moralia

61 1010 227 1071 severantia
241 1010 379 1069 infamiae.

100 1090 153 1149 Ex
164 1089 251 1149 dictis
262 1091 406 1171 sequitur,
419 1087 520 1159 talem,
534 1088 560 1149 si
570 1098 639 1167 post
650 1108 781 1148 errorem
791 1089 929 1168 cognitur

62 1170 270 1229 monetaverit
278 1169 605 1238 verbumsuum‚teneri
614 1169 651 1228 de
660 1168 774 1227 damnis
783 1181 851 1247 post
860 1187 929 1247 cogr

63 1267 197 1309 errorem
218 1249 346 1309 secutis:
367 1247 475 1307 damna
487 1258 585 1307 tamen
607 1258 705 1307 stante
726 1267 828 1307 errore
842 1248 929 1327 incull

64 1327 172 1389 oborta
183 1329 342 1388 restituere
355 1348 415 1386 nou
429 1336 557 1397 tenetur,
572 1328 643 1405 quia
655 1335 724 1387 sunt
734 1327 790 1406 ipsi
806 1329 928 1387 involun

103 1408 153 1467 An
178 1408 273 1468 haerea
292 1407 469 1468 detractoris
489 1416 609 1466 tenetur
621 1406 660 1465 ad
674 1407 905 1479 restitutionem,
927 1431 929 1465 ι

62 1496 175 1547 tractor
187 1489 342 1558 moriatur,
365 1498 524 1566 antequam
538 1486 757 1545 restitutionem
766 1486 899 1547 fecerit?

103 1566 164 1626 lll.
184 1568 223 1627 R.
246 1567 306 1626 Per
320 1587 352 1627 se
364 1565 513 1648 loquendo
536 1585 596 1624 non
610 1576 730 1625 tenetur
742 1566 780 1624 ad
794 1568 928 1625 restituti

62 1645 165 1706 larum:
186 1648 257 1726 quia
266 1647 317 1706 illa
328 1646 471 1726 obligatio
482 1655 528 1705 est
536 1644 709 1723 personalis,
721 1645 854 1728 adeoque
865 1666 927 1706 uon

62 1725 142 1786 siens
150 1726 190 1786 ad
201 1718 343 1786 haeredes.

104 1805 135 1866 st
147 1825 202 1883 pro
215 1808 294 1865 fama
307 1805 372 1865 fieri
387 1805 494 1865 debeat
505 1804 705 1883 compensatio
715 1803 896 1882 pecuniaria,
905 1825 929 1862 at

62 1893 183 1944 tenetur
198 1885 300 1955 haeres,
315 1886 392 1944 sicut
402 1886 428 1943 a
438 1885 476 1943 ad
487 1884 651 1961 reparanda
664 1884 722 1942 alia
732 1884 838 1943 damna
848 1904 889 1943 ex
903 1884 929 1941 dt

62 1962 145 2027 tione
159 1976 276 2034 secuta3
296 1965 366 2042 quia
379 1964 442 2022 haec
455 1965 606 2041 pertinent
620 1964 657 2022 ad
669 1963 882 2042 obligationem
894 1983 928 2023 re

63 2061 129 2121 quse
142 2047 249 2103 transit
261 2044 299 2102 ad
313 2042 472 2103 haeredem.

105 2122 187 2195 Quid
200 2123 319 2182 restitui
334 2122 424 2181 debet
436 2121 475 2181 ob
486 2120 722 2183 detractionem?

104 2201 160 2262 lv.
175 2203 213 2264 R.
230 2205 276 2261 10.
290 2200 490 2263 Restituenda
503 2212 549 2260 est
562 2201 641 2260 fama
655 2201 765 2280 injuste
775 2202 845 2263 laesa
856 2202 929 2262 effici

62 2282 89 2340 ἃ
102 2283 203 2340 statim
217 2292 308 2360 atque
330 2280 484 2340 moraliter
497 2281 563 2340 fieri
576 2291 685 2359 potest.

101 2363 148 2420 2⁰.
161 2362 294 2423 Restitui
305 2360 416 2421 debent
424 2362 523 2419 omnia
534 2361 641 2419 damna
653 2361 753 2430 realia,
768 2381 834 2438 quae
845 2381 885 2419 ex
896 2360 929 2419 de

62 2439 144 2500 tione
157 2440 268 2520 injuste
282 2440 510 2510 obvenerunt&
521 2460 587 2519 quae
598 2439 748 2498 detractor
762 2442 860 2518 potuit
869 2442 929 2499 acd

61 2520 246 2601 previderet
266 2521 338 2580 talia
359 2530 428 2580 sunt
449 2540 478 2578 v.
491 2539 521 2597 g.
544 2518 615 2578 dum
638 2538 693 2596 per
714 2520 929 2579 detractionem

61 2600 188 2679 impedit
198 2600 324 2660 alterum
338 2602 356 2659 d
369 2599 461 2669 lucro,
475 2599 580 2670 officio,
594 2597 747 2669 beneficio,
762 2601 813 2657 &a
838 2619 893 2677 pro
908 2621 928 2678 q

62 2681 177 2739 casibus
191 2680 372 2739 considerari
388 2677 477 2739 debet
499 2681 563 2756 ipsa
581 2697 658 2756 spes,
686 2689 720 2738 ut
740 2689 809 2749 aute
824 2678 929 2738 dictuu

60 2757 133 2818 item
149 2759 173 2818 si
188 2760 280 2818 fuerit
293 2778 390 2829 causa,
405 2756 443 2817 ob
458 2776 546 2836 quam
560 2756 621 2816 filia
634 2758 741 2835 perdat
754 2759 929 2818 conveniens

61 2837 244 2909 trimonium,
255 2839 304 2898 vel
317 2837 355 2898 ob
367 2857 456 2916 quam
469 2837 598 2896 famulus
611 2847 662 2896 aut
673 2836 778 2896 ancilla
788 2837 894 2915 perdat
904 2849 929 2896 st

62 2916 153 2988 dium,
168 2919 231 2978 sive
245 2938 303 2976 non
318 2917 413 2997 possit
424 2916 540 2977 elocare
555 2937 661 2996 operas
674 2936 750 2988 suas,
773 2927 825 2975 aut
839 2916 929 2977 debet

60 2997 143 3056 noris
156 2996 282 3068 elocare,
303 2999 356 3056 lec.

101 3076 193 3148 Nota,
215 3077 327 3136 dictum
341 3096 425 3136 esse:
446 3084 465 3114 “
477 3077 603 3146 Damna,
625 3095 689 3154 quae
712 3094 750 3133 ex
764 3074 930 3134 detraction

61 3164 79 3194 ‘⁶
89 3156 172 3235 juste
185 3155 405 3225 obvenerunt;”
427 3156 496 3234 quia
510 3157 662 3216 detractor
674 3174 732 3213 non
744 3164 864 3213 tenetur
874 3176 927 3234 rep

62 3236 178 3306 &mna
192 3256 258 3316 qute
268 3235 346 3295 altor
351 3237 433 3314 juste
445 3235 567 3313 patitur,
581 3254 610 3292 v.
623 3253 653 3312 g.
669 3234 694 3292 si
708 3235 850 3312 sparserit
864 3237 894 3292 in
905 3255 929 3294 v*

62 3314 152 3377 alium
166 3315 346 3384 esseiurem,
360 3315 439 3373 unde
453 3315 615 3392 contingat,
627 3312 742 3391 quedl
746 3313 824 3372 udex
834 3334 929 3373 eumn

63 3395 93 3454 in
109 3414 268 3467 carcerem,
288 3395 397 3474 spoliet
411 3393 505 3463 bonis,
527 3399 579 3453 dcc.
605 3412 663 3450 nou
679 3402 799 3452 tenetur
813 3394 929 3452 detruot

61 3473 120 3532 illia
135 3474 268 3544 damnis3
290 3475 360 3568 quia
373 3475 551 3552 supponitur
563 3472 697 3550 potuisse
705 3471 789 3550 juste
810 3472 885 3530 illud
899 3493 929 3530 cr

60 3551 180 3615 deferre
188 3554 227 3614 ad
235 3554 391 3625 Judrcem3
411 3552 529 3613 acadeo
539 3552 609 3612 licet
619 3549 729 3629 injuste
738 3552 834 3646 egerit
844 3572 929 3631 sparg

63 3633 174 3693 crimen
197 3634 229 3693 in
248 3632 365 3713 vulgus,
395 3632 518 3697 effectus
532 3642 631 3694 tamen
645 3651 684 3692 ex
699 3630 749 3692 illa
762 3633 929 3694 infamatior

62 3721 148 3775 cutus
160 3713 217 3775 fuit
225 3713 335 3794 justus.
