2182 4036
354 197 399 238 nu
417 196 500 240 suan
519 194 561 238 un
580 195 733 240 susurras.
969 180 1009 243 ‘25

93 301 251 365 Celebrior
266 302 373 360 divisio
383 301 462 360 facta
476 312 522 361 est
537 300 612 362 Gen.
628 320 692 381 cap.
709 303 754 359 ll.
764 301 1009 380 postaedificatios

56 402 120 442 nam
136 383 231 441 turris
246 381 403 441 Babelicae.
869 382 871 386 ’

60 460 63 466 ’
95 463 232 522 Plurima
245 471 344 520 tamen
359 460 507 519 communi
522 479 666 528 consensu
679 471 852 519 manserunt
869 462 1006 535 indivisa,

56 551 89 601 ut
108 562 202 611 mara,
223 540 318 610 littus,
340 543 391 598 &a
412 539 547 617 quamvis
568 541 658 598 ctiam
683 540 793 598 similia
815 543 1005 618 postmodum

54 621 132 680 facta
154 621 216 680 sint
236 619 384 699 aliquibus
397 619 527 699 propria,
548 628 582 676 ut
604 620 656 698 jus
678 619 846 698 navigandi,
870 624 1007 695 venandi,

56 701 198 780 piscandi,
220 706 271 759 &a
860 770 862 774 Ι

95 781 181 840 Inter
205 780 282 838 bono
305 779 480 847 communia,
501 797 552 837 sen
568 797 633 856 quaa
652 777 761 836 nullius
785 778 816 835 in
836 780 1007 856 particulari

57 859 181 919 subsunt
195 858 337 929 dominio,
352 859 440 917 etiam
455 868 648 916 numerantur
661 857 823 927 feralitas
837 869 929 936 captae
944 861 1008 919 fue-

56 940 123 1008 rint,
134 937 390 1017 modopristinam
400 935 568 995 libertatem
577 938 831 1015 recuperaverint:
845 937 917 996 item
926 939 1008 999 locus

57 1019 196 1077 inlittore
201 1018 300 1089 maris,
305 1019 329 1076 si
339 1017 490 1076 destructo
501 1014 1006 1095 aedilicioprioremlittorisspeciem

57 1098 198 1176 recipiat:
230 1099 302 1155 item
327 1117 375 1155 res
399 1095 558 1165 derelicta,
579 1095 720 1165 thesauri,
741 1100 793 1160 &ct
819 1115 883 1174 qum
907 1100 1007 1158 omnia

58 1178 256 1236 dicuntnrres
269 1176 429 1253 adaspotae‚
450 1175 480 1234 id
491 1184 537 1233 est
547 1185 681 1234 carentes
697 1174 836 1235 Domino.

58 1376 98 1437 n.
108 1378 156 1436 17.
178 1375 238 1438 nn
253 1374 574 1450 Atoursrnronn
588 1374 772 1436 nonmn
788 1374 873 1447 ani,
895 1331 997 1452 oum

275 1456 371 1515 non
393 1454 546 1515 nsunt
567 1453 794 1516 uonmnn.

59 1575 84 1640 Ι.
102 1575 333 1653 metensium
345 1575 505 1651 acquiritur
517 1575 682 1631 dorninium.
727 1573 779 1638 211.
799 1574 856 1633 Rei
867 1574 1011 1634 derelicto.

97 1654 159 1713 Ill.
185 1653 272 1712 Talia
284 1674 341 1712 non
351 1664 496 1714 musenim
513 1652 585 1710 bono
597 1655 814 1730 aousrcqcmm.
856 1654 912 1713 lv.
931 1654 1013 1712 Licet

94 1733 173 1792 alias
192 1735 335 1811 perituro.
386 1733 425 1792 V.
444 1733 534 1792 Bona
556 1733 698 1790 vacuartiu.
752 1732 809 1793 v1.
828 1731 1011 1798 Addicunttu

99 1930 331 2008 QUOMODO
354 1932 520 2011 acquiritur
537 1930 699 1992 dominium
715 1933 758 1991 rei
773 1930 947 1993 derelicta?

98 2010 124 2072 l.
145 2012 186 2073 Ia
209 2012 280 2072 Solis
295 2015 339 2072 rei
360 2033 396 2089 ap
420 2013 605 2084 rehensiona,
626 2013 706 2072 factis
726 2013 824 2071 animo
842 2032 905 2072 rem
933 2012 1013 2071 illam

59 2090 187 2153 faciendi
198 2112 299 2154 suam:
321 2092 363 2150 ita
375 2032 427 2149 til.
438 2095 467 2159 2„
509 2091 733 2152 Institutionum
754 2092 771 2175 §
791 2091 912 2152 ultimo:
948 2103 966 2131 “
979 2087 1011 2152 Si

60 2182 78 2216 “
89 2191 155 2231 rem
171 2191 226 2250 pro
240 2170 382 2230 derelicta
396 2172 413 2229 a
428 2171 559 2229 Domino
574 2171 703 2230 habitum
725 2173 915 2249 occupaverit
934 2171 1010 2251 quis,

61 2262 79 2291 ‘⁴
93 2252 195 2311 statim
209 2249 273 2328 ejus
288 2250 435 2308 Dominus
444 2251 594 2309 officiturl’
637 2251 695 2310 sed
711 2248 880 2318 videndum,
894 2271 932 2309 an
943 2250 1010 2308 liuic

58 2331 118 2410 juri
132 2331 224 2390 Rom.
237 2350 296 2388 non
312 2329 410 2387 obstet
422 2329 473 2387 lex
487 2340 538 2387 aut
552 2329 735 2389 consuetudo
749 2331 905 2388 contraria.

59 2415 61 2418 ’
103 2411 252 2485 Quasnam
267 2408 434 2466 rasdicitur
449 2408 608 2468 derelicta?
968 2415 971 2425 ’

100 2490 143 2550 ΙΙ.
166 2490 206 2548 R.
228 2489 309 2547 Loco
331 2486 409 2566 juris
430 2488 521 2546 citato
535 2508 589 2567 pro
604 2487 745 2546 derelicta
767 2489 901 2558 liabetur,
923 2509 1010 2566 qnam

66 2569 211 2630 Dominus
225 2569 371 2626 clamante
392 2566 508 2645 abjecit,
529 2578 563 2626 ut
577 2586 642 2625 cam
656 2569 818 2625 innumero
832 2585 931 2627 rerum
946 2587 1011 2628 sua·

65 2669 125 2708 rum
140 2668 208 2708 esse
219 2647 303 2718 nolit,
324 2646 424 2723 sicque
438 2647 537 2705 statim
553 2645 617 2724 ejus
628 2647 776 2704 Dominus
791 2666 855 2705 esse
866 2647 983 2706 desiuit.

100 2729 134 2788 lu
151 2725 244 2786 dnbio
259 2727 459 2804 praesumitur,
480 2725 623 2804 qnod'rcs
634 2746 693 2784 nou
707 2727 747 2784 sit
760 2725 917 2797 derelicta;
943 2729 1012 2807 quia

67 2806 116 2866 lroc
129 2826 227 2885 genus
241 2824 340 2864 rarum
352 2815 397 2863 est
406 2807 596 2864 rarissimum.
698 2813 699 2816 ’

101 2886 184 2960 Quid
195 2884 387 2962 judicandum
398 2884 435 2943 (lc
447 2885 530 2943 bouis
545 2884 650 2960 ejectis
666 2884 900 2963 naufragorum?

101 2966 161 3026 Ill.
182 2964 223 3023 R.
246 2962 695 3041 Censorinonposscdarclictu3
714 2965 784 3044 quia
794 2965 890 3043 palam
905 2976 960 3036 est,
975 2986 1010 3025 ea

69 3063 118 3103 non
132 3065 171 3103 eo
185 3044 285 3102 animo
300 3041 376 3120 ejici,
390 3043 468 3121 qnod
482 3043 548 3127 quis
562 3063 597 3101 ea
611 3042 719 3102 habere
733 3044 824 3104 nolit:
845 3045 913 3103 hinc
932 3045 1013 3104 aufe·

67 3143 128 3183 rens
143 3123 227 3194 talia,
239 3123 354 3180 furtum
365 3123 533 3193 committit,
560 3132 594 3185 ut
608 3122 716 3183 dicitur
729 3123 780 3181 lib.
794 3127 822 3181 2.
864 3125 1011 3184 Instituti-

67 3220 150 3263 onum
162 3203 212 3261 tit.
230 3204 254 3261 l.
269 3202 342 3282 §ts
356 3202 434 3261 unde
448 3203 572 3281 &capit
613 3202 920 3269 Exoonnnsrcsnns
947 3214 965 3242 “
975 3206 1011 3263 de

66 3280 307 3361 “Raptoribus‚”
341 3283 633 3341 excommunicantur
665 3280 743 3341 bona
777 3283 1013 3343 Christianorum

66 3363 275 3439 naufragorum
289 3359 399 3437 injuste
413 3371 599 3439 usurpantes.

100 3444 162 3501 Pro
169 3441 279 3519 Belgio
290 3449 432 3499 statutum
442 3443 515 3501 asta
527 3440 634 3501 Oarolo
643 3440 682 3500 V.
691 3439 789 3500 edicto
798 3442 1013 3502 lODacambris

67 3539 137 3581 anuo
155 3523 244 3580 1547.
255 3530 289 3579 ut
299 3521 594 3598 bonananfragorum
603 3519 877 3583 trudanturcuidam
885 3522 1013 3582 Praetori

67 3600 169 3660 adhoc
182 3600 357 3672 constituto,
379 3602 397 3659 a
410 3620 468 3679 quo
483 3600 618 3678 naufragi
632 3600 747 3678 possint
760 3619 796 3659 aa
808 3600 943 3679 recipere
963 3601 1015 3661 ‹le-

68 3677 157 3744 onais
167 3680 319 3762 expansis.
359 3679 393 3742 Si
408 3679 504 3745 nullus
513 3681 573 3744 ista
587 3679 667 3744 bona
680 3679 828 3748 reclsmet
838 3689 1039 3763 postumum
