2160 4034
336 154 379 198 us
398 150 481 198 suar
493 152 543 197 rr
562 152 717 199 susmrm.
943 132 1009 199 223‘

81 256 138 351 Ad
155 254 255 317 locum
273 277 313 351 οξ
326 256 515 352 Epistolead
530 256 715 317 Publicolam
734 248 942 351 pospondetrrr,
964 261 996 354 in

49 337 992 511 3235}lltftnffit'lltzfffllltllttflttizz

50 495 247 555 nterfeotmoe
261 495 366 574 repelli
380 506 490 574 potest,
504 495 552 555 cui
562 496 719 574 quaestioni
732 499 814 557 recte
827 497 991 576 respondet

49 572 67 665 33
81 575 218 654 August.
230 575 288 634 sibi
300 595 361 634 non
371 575 489 654 placere
499 574 654 635 consilium
666 575 703 635 de
712 575 881 637 occidendis
895 577 990 648 homi,-

49 652 134 793 ulfi?
130 734 183 792 Ad
198 734 229 794 S.
243 698 447 803 Ambrosium,
461 700 541 812 quod
551 700 700 812 improbet
709 734 846 797 occidere
859 735 990 828 aliquem

48 811 135 872 nimo
154 813 304 881 vindicta,
332 813 382 873 rel
401 811 585 872 intendendo
605 824 750 873 mortem:
780 813 912 893 alioqum
943 835 989 874 se·

48 901 179 952 ueretur
198 911 238 951 ex
257 892 357 952 verbis
377 893 442 970 ejus
461 912 521 950 non
547 911 612 952 esse
636 892 751 952 licitum
771 912 804 953 se
818 893 986 954 defendere

49 980 137 1030 suma
150 973 319 1032 invasorem
332 973 402 1030 vitoe
415 971 595 1041 referiendo,
610 973 689 1052 quod
702 969 810 1032 falsum
825 984 881 1032 est.

67 1051 138 1109 Alii
152 1051 269 1122 docent,
285 1052 316 1112 S.
330 1050 524 1112 Ambrosium
539 1061 668 1130 utroque
681 1052 748 1111 loco
761 1053 921 1132 prohibere
935 1051 987 1112 de·

49 1131 208 1200 maionem,
229 1151 288 1193 nou
304 1140 338 1190 nt
350 1131 382 1190 in
395 1150 428 1190 se
441 1131 558 1202 malem,
583 1132 635 1189 sed
659 1141 694 1190 ut
712 1132 811 1191 miuus
824 1132 989 1211 perfectam

49 1206 85 1267 ub
100 1209 354 1290 logeEvengeliir
374 1230 435 1270 uno
449 1231 488 1269 ex
501 1210 548 1268 his
557 1210 653 1269 modis
664 1210 740 1269 solvi
754 1221 877 1289 possunt
886 1211 988 1291 plures

49 1287 81 1346 lii
96 1298 201 1350 textus
216 1289 270 1350 SS.
282 1292 409 1350 Petrum
420 1290 509 1351 relati
523 1289 603 1368 apud
617 1290 782 1350 Authores.

49 1488 75 1549 l.
92 1490 159 1549 let.
200 1488 493 1551 COROLLARIA
513 1488 646 1549 cleon
660 1488 991 1565 DEFENSIONEM·

383 1567 636 1630 OCCISIVAM.
711 1580 715 1585 ’

49 1711 60 1768 ’.
78 1708 215 1788 Menae
235 1710 355 1768 occisiva
375 1727 433 1767 aon
453 1718 496 1766 ert
515 1717 665 1787 precepta.
707 1707 749 1766 ΙΙ.
776 1708 872 1769 Licita
891 1721 984 1773 tameo

69 1792 121 1849 etsi
133 1808 221 1848 causa
233 1791 312 1847 dcta
353 1776 413 1846 lli.
433 1787 581 1865 Exceptio.
624 1787 679 1848 lv.
693 1787 773 1847 Licet
783 1789 926 1867 deflendae
939 1796 982 1851 oi·

68 1878 127 1929 um
140 1870 279 1947 maximi.
318 1867 360 1928 V.
379 1865 431 1926 Aa
450 1869 567 1925 incusas
584 1875 711 1925 teneatur
722 1867 764 1924 ud
774 1871 982 1930 macedonem.

67 1988 134 2051 AN
153 2009 193 2049 ex
220 1987 377 2058 sententie,
398 2007 464 2068 quos
484 1986 573 2047 docet
593 1987 727 2047 invasum
745 2007 842 2065 posse,
863 2002 984 2051 nonest

49 2088 116 2133 ouse
136 2088 211 2129 uene
225 2087 293 2128 eum
306 2067 405 2127 teneri
417 2066 457 2127 ad
471 2066 675 2127 defensionem
690 2066 871 2141 occisivam?

66 2148 92 2215 Ι.
171 2147 222 2208 Ne
244 2147 333 2218 alive,
348 2147 418 2228 quia
431 2156 611 2225 preceptum
627 2147 835 2208 conservande
851 2150 980 2226 propriae

49 2229 93 2291 ita
109 2248 170 2289 nou
184 2168 306 2304 obfiget,
327 2236 362 2286 ut
381 2226 434 2285 teli
454 2225 554 2285 medio
573 2224 811 2287 extraordinario
826 2240 981 2288 servetur:

49 2309 165 2369 itemen
179 2306 365 2367 solummodo
378 2304 585 2365 consideretur
597 2304 660 2364 vite
673 2304 777 2376 invasi,
797 2317 911 2367 certum
926 2320 982 2381 est,

49 2406 161 2449 erasum
184 2385 294 2446 debere
309 2385 400 2444 vitam
414 2404 497 2444 snam
518 2385 660 2462 praeferre
678 2385 747 2444 vitae
768 2384 915 2447 invasoris
935 2408 980 2448 ee·

49 2467 155 2532 undum
176 2467 311 2526 ordinem
332 2465 502 2525 eharitatis:
524 2465 627 2523 verdm
643 2465 668 2523 si
682 2464 856 2524 attendatur
870 2466 980 2528 bonum

49 2548 147 2606 irtutis
161 2546 338 2615 christiane,
362 2555 396 2602 ut
410 2544 522 2604 dictum
536 2554 582 2603 est
595 2542 688 2601 Num.
704 2545 769 2602 139.
789 2545 856 2603 “de
872 2545 976 2605 Chari-

49 2626 112 2699 ite,”
134 2625 209 2706 puta
242 2624 305 2684 nod
320 2625 473 2683 occasione
488 2623 644 2685 occisionis
668 2623 813 2682 invasoris
835 2636 977 2705 sequatur

53 2726 87 2767 us
100 2718 214 2767 aeterna
222 2647 387 2774 damnatio,
400 2705 474 2763 item
482 2702 563 2784 qudd
573 2705 694 2762 invasus
708 2720 740 2761 se
754 2722 771 2762 e
814 2715 885 2762 onat
899 2706 977 2783 peri·

49 2785 89 2845 rlo
103 2785 269 2845 excedendi
282 2783 484 2855 moderamen,
497 2783 626 2842 charitas
639 2781 740 2861 potiris
754 2781 801 2841 ine
814 2784 876 2842 inat
890 2785 977 2864 (licet

49 2885 82 2925 ou
106 2864 237 2944 obliget)
262 2875 296 2922 ut
310 2864 429 2922 invasus
443 2865 462 2923 a
476 2862 528 2922 teli
547 2861 719 2922 defensione
740 2860 897 2934 abstineat,
919 2865 978 2923 nisi

49 2954 100 3005 »rte
113 2944 206 3003 sciret
220 2964 251 3002 se
263 2962 327 3002 esse
341 2943 371 3000 iu
392 2952 514 3021 peceato
534 2941 664 3010 mortali,
685 2938 833 3000 diffideret
853 2942 891 3001 de
906 2963 977 3003 rere

49 3024 212 3095 ›nte-itione,
231 3034 282 3081 aut
296 3022 375 3082 foret
388 3040 516 3101 persona
528 3019 699 3099 reipublice
712 3022 888 3092 necessaria,
903 3025 955 3081 &c

60 3104 112 3165 An
132 3104 204 3164 lieet
224 3105 326 3161 invaso
347 3101 389 3161 sie
410 3121 442 3160 se
463 3100 633 3170 defendere,
659 3100 684 3159 si
704 3099 835 3160 invasori
856 3120 974 3162 oausam

49 3184 182 3243 credendi
195 3182 313 3241 dederit
326 3179 425 3240 verbis
439 3179 487 3238 vel
500 3179 609 3239 factis?

60 3263 102 3323 ll.
126 3264 165 3322 R.
186 3261 384 3330 Affirmative,
408 3259 540 3336 sepositis
553 3259 730 3319 necessitate
751 3258 898 3337 spirituali
919 3279 970 3319 ex·

49 3344 118 3402 ema
141 3342 304 3410 invasoris;
324 3339 394 3420 quia
414 3349 538 3417 propter
556 3338 646 3397 talem
668 3358 785 3397 oausam
809 3339 970 3399 invasionis

49 3433 130 3493 rtem,
152 3423 272 3479 invasus
284 3440 344 3478 nou
358 3418 487 3477 remittit
495 3417 546 3496 jus
561 3437 593 3477 ee
603 3417 793 3487 defendendi,
816 3418 872 3476 nisi
890 3418 971 3476 foret

49 3503 169 3572 inuitus,
197 3521 248 3560 scu
274 3497 465 3578 erepublica
487 3497 681 3578 proscriptus,
708 3497 792 3575 cujus
819 3495 974 3559 occidendi

49 3583 221 3674 rusquisque
235 3588 414 3659 potestatem
429 3577 601 3657 accepisset.

60 3661 123 3725 111.
143 3661 267 3722 Dictum
280 3670 326 3721 est
347 3667 365 3701 “
378 3656 714 3796 Sepositdssnecessitete
733 3654 870 3719 extremi
883 3656 972 3745 spiri·

474 3754 495 3798 r
