2182 4036
351 187 394 229 ns
408 185 489 230 runs
503 188 544 230 nr
557 187 711 232 susurris.
967 173 1004 230 at

83 287 156 346 ¹111.
170 290 211 350 R.
228 293 273 349 10.
288 291 424 351 Tenetur
432 291 897 371 instituerediligentemDomini
908 293 1005 373 inqui·

57 365 205 439 sitionem,
225 370 263 430 ed
279 370 432 448 majorem,
448 391 507 450 qno
516 391 564 430 res
574 382 622 430 est
631 370 753 452 majoris
765 373 906 432 momenti
916 374 1005 452 idque

55 447 222 526 sumptibus
232 450 355 508 Domini
369 451 423 522 rei,
435 453 461 510 a
472 451 515 509 illi
525 470 587 509 rem
596 450 732 522 reddere,
747 450 864 510 dicente
874 453 1004 530 August,

55 544 192 587 sermone
210 531 255 586 19.
269 529 306 587 de
317 529 415 588 verbis
430 530 570 609 Apostoli
585 549 648 609 cap.
661 534 690 589 8.
731 531 851 604 “Quod
866 533 1005 592 invenisti

54 613 71 641 “
86 608 112 664 8r
126 626 186 665 non
202 608 369 681 reddidisti,
389 610 541 687 rapuisti.”
945 633 949 641 ’

93 686 143 744 20.
166 686 267 747 Debet
280 708 328 746 res
343 692 464 760 servari,
479 688 622 767 quamdiu
643 699 744 747 menet
758 709 825 768 spes
839 690 1005 750 Dominum

54 764 243 826 inveniendi:
265 767 348 846 quod
362 770 387 827 si
401 771 514 828 sensuri
528 789 586 828 non
607 769 711 848 possit,
732 769 856 828 distrahi
871 780 923 829 aut
937 791 1006 829 con-

55 845 130 901 sumi
144 857 256 924 potest,
281 859 399 907 servato
413 849 521 926 pretio.

90 924 139 982 3⁰.
164 925 196 984 si
211 927 358 986 Dominus
369 928 670 1006 reperiaturmultum
682 928 804 998 distans,
819 929 957 989 convenit
968 929 1004 988 ab

54 1020 89 1062 eo
101 1014 218 1081 petere,
239 1007 310 1083 quid
324 1007 362 1066 de
376 1021 409 1066 re
423 1028 477 1067 sun
490 1009 555 1067 fieri
570 1009 650 1068 velit.

89 1085 139 1141 4⁰.
163 1085 194 1143 si
212 1085 358 1146 Dominus
373 1088 412 1145 sit
426 1100 571 1159 mortuns,
593 1086 678 1147 reddi
694 1085 783 1145 debet
803 1087 868 1166 ejus
883 1088 1005 1148 heredi.

75 1222 79 1229 ,
91 1161 149 1222 lv.
171 1165 220 1222 50.
242 1165 275 1224 si
287 1167 433 1226 Dominus
451 1168 572 1246 ignotus
584 1176 710 1236 maneat,
724 1166 814 1225 debet
826 1188 873 1226 res
885 1169 1005 1226 inventa

52 1240 195 1320 applicari
219 1244 276 1320 piis
298 1247 402 1316 causis,
423 1249 492 1328 quia
505 1247 569 1308 hacc
582 1258 628 1306 est
639 1245 775 1306 voluntas
796 1247 921 1305 Domini
934 1248 1006 1305 rati·

53 1320 212 1381 onabiliter
225 1336 414 1404 presumpta.

91 1400 243 1461 Probatur
264 1403 328 1464 haee
341 1407 489 1465 sententia
512 1427 550 1465 ex
565 1406 663 1466 verbis
680 1405 710 1465 S.
725 1405 890 1484 Augustini
917 1427 1006 1484 supra

54 1478 169 1552 citatis3
189 1483 263 1542 item
276 1504 315 1543 ex
325 1485 526 1544 Poenitentiaii
538 1487 625 1545 Rom.
635 1486 769 1545 dicente:
787 1496 807 1531 t‘
819 1485 880 1559 Qui
889 1506 952 1546 rem
962 1487 1005 1544 in·

53 1567 71 1596 “
85 1571 206 1619 ventam
221 1583 278 1620 non
294 1564 403 1635 reddit,
417 1565 529 1624 furtum
544 1564 729 1624 committit.”
772 1564 849 1623 Item
864 1585 903 1624 ex
919 1567 1006 1626 Cate-

53 1637 164 1698 cbismo
179 1642 317 1701 Romano
331 1656 407 1722 part.
422 1647 452 1702 3.
466 1664 545 1703 num.
560 1648 587 1702 7.
628 1654 646 1682 ‘⁶
660 1645 691 1703 Si
702 1663 801 1702 rerum
816 1645 1004 1704 inventurum

53 1727 70 1757 “
84 1719 235 1779 Dominus
249 1722 330 1783 nullia
343 1724 459 1783 ratione
473 1723 601 1782 inveniri
615 1734 725 1802 potest,
739 1723 790 1780 iiia
804 1723 881 1782 bona
895 1725 1004 1783 suntin

53 1806 70 1835 “
83 1818 156 1858 usus
167 1820 330 1878 pauperum
340 1803 546 1864 conferenda.''

91 1878 150 1938 Illa
164 1883 253 1939 etiam
268 1883 373 1941 statuit
389 1883 501 1944 Concil.
525 1881 751 1942 Mediolanense
774 1883 831 1943 1V.
865 1883 1005 1965 Denique

54 1959 169 2017 eruitur
183 1980 221 2018 ex
239 1963 269 2023 S.
284 1962 390 2021 Thom.
405 1966 433 2021 2.
452 1966 480 2020 2.
494 1972 597 2042 quaest.
613 1965 661 2020 62.
674 1973 730 2020 nrt.
744 1965 773 2020 5.
786 1961 824 2020 ud
839 1965 867 2020 3.

90 2038 161 2111 Quo
170 2040 240 2116 jure
254 2063 303 2100 res
317 2042 444 2103 iuventte
460 2044 577 2120 erogari
592 2041 702 2101 debent
714 2041 741 2099 in
757 2042 821 2120 pins
835 2045 962 2102 causas?

88 2117 130 2180 V.
147 2119 186 2178 R.
205 2121 290 2182 ‘dure
314 2132 447 2191 naturae3
468 2123 539 2202 quie
557 2121 608 2199 jus
629 2132 742 2180 naturae
757 2142 812 2180 nos
826 2120 948 2199 obligat,
970 2132 1004 2181 ut

51 2216 112 2255 rem
127 2201 332 2277 expendamus
351 2200 441 2279 juxta
455 2201 637 2260 voluntatem
654 2200 794 2259 Domini:
817 2199 880 2278 jam
902 2212 1003 2260 autem

51 2277 269 2338 rationabiliter
283 2281 472 2358 praesumitur
486 2279 562 2339 velle
577 2279 734 2350 Dominus,
756 2291 797 2350 ut,
819 2282 845 2338 si
858 2300 907 2338 res
921 2281 958 2338 ad
973 2301 1005 2340 se

52 2357 149 2417 redire
168 2379 228 2419 non
252 2361 355 2438 possit,
376 2360 562 2438 expendatur
586 2359 615 2418 in
636 2358 796 2428 diceneus,
817 2361 868 2441 qui
883 2358 939 2418 sibi
953 2372 1005 2418 aut

51 2436 119 2506 suis,
140 2438 187 2497 vei
204 2438 308 2497 saltem
325 2440 508 2518 Reipublicae
523 2440 666 2518 prodesse
680 2440 804 2517 possint.

86 2517 165 2576 Haec
174 2518 271 2577 fusius
281 2531 391 2578 tractat
400 2521 448 2578 De
461 2519 539 2598 Gooq
555 2538 618 2596 cap.
630 2522 657 2576 7.
667 2517 795 2576 lectione
804 2520 833 2576 5.
843 2518 892 2576 ubi
903 2517 999 2578 addit:

51 2594 261 2656 Admonentur
289 2599 469 2658 confessarii
497 2598 704 2676 elargitionem
728 2598 832 2656 horum
855 2597 999 2657 bonorum

51 2677 261 2752 penitentibus
282 2677 439 2748 inculcare,
461 2679 525 2737 &si
539 2687 675 2747 renuunt,
696 2697 750 2755 per
764 2676 884 2735 modum
906 2678 999 2755 poeni·

51 2757 147 2816 tentiae
165 2758 223 2816 iliis
238 2759 332 2836 ipsam
347 2759 512 2836 imponere·

86 2836 138 2895 An
150 2838 290 2896 inventor
298 2836 838 2918 nunquamsibipotestreminventam
848 2835 997 2896 retinere?

87 2917 144 2977 vl.
166 2918 206 2976 R.
236 2918 269 2977 Si
293 2918 432 2976 inventor
458 2927 504 2975 est
532 2936 652 2994 pauper,
674 2917 700 2972 dr
722 2926 790 2993 post
818 2918 998 2992 praemissam

51 2994 568 3077 debitaminquisitionem‚Dominns
578 2997 698 3072 ignotus
707 2995 998 3071 maneat,potestillc

51 3095 110 3135 rem
120 3079 270 3135 inventam
280 3076 335 3135 sibi
346 3076 485 3146 retinere,
491 3095 546 3153 pro
559 3074 874 3142 Dominoorando,8ro.
886 3076 941 3132 nisi
951 3095 999 3132 res

51 3155 169 3234 majoris
180 3157 220 3214 sit
230 3156 329 3235 pretii,
338 3157 424 3236 quam
437 3167 470 3214 ut
484 3154 548 3232 ejus
560 3155 728 3217 necessitati
738 3165 853 3212 tuntum
862 3154 999 3212 sufficiat:

51 3237 124 3295 unde
145 3236 344 3294 communiter
366 3235 561 3294 consulendus
577 3245 622 3292 est
641 3233 856 3301 confessarius,
877 3244 940 3291 tum
965 3243 998 3291 ut

51 3316 177 3394 propriae
200 3315 384 3393 deceptionis
408 3312 571 3392 periculum
586 3313 707 3383 vitetur,
728 3324 791 3370 tum
806 3322 840 3370 ut
854 3313 999 3382 videatur,

51 3416 83 3454 sn
97 3395 246 3453 sufficiens
259 3394 412 3476 inquisitio
426 3394 504 3453 facta
518 3395 565 3462 sit,
581 3391 774 3470 dijudicetur,
783 3391 854 3472 quid
863 3391 1000 3449 conveni-

51 3474 145 3533 entiris
156 3493 271 3553 pauper·
284 3494 339 3552 pro
356 3474 485 3532 Domino
498 3475 597 3532 facere
608 3473 710 3550 possit.

87 3555 170 3628 Quid
182 3555 255 3624 si,re
266 3555 296 3612 in
327 3554 370 3612 ios
386 3574 454 3614 usus
465 3553 635 3622 distributo,
650 3551 798 3610 Dominus
806 3554 998 3626 compareat?

86 3633 162 3694 VII.
183 3634 222 3694 R.
245 3634 277 3694 Si
290 3574 400 3714 absque
412 3633 574 3693 sufficiente
589 3631 783 3715 inquisitione
797 3631 825 3690 bt
837 3629 931 3688 narnis
944 3631 1009 3688 citis

51 3716 253 3772 inventorrenr
262 3713 455 3789 distribuerit,
463 3707 1032 3794 itantintercesseritcuipsnoteb'xiis
1061 3751 1064 3756 ,

87 3809 153 3850 von.
175 3808 211 3848 11.
509 3814 529 3857 0
676 3807 677 3812 ¹
