2160 4034
86 173 126 232 54
493 184 686 228 ennomus·

127 291 271 361 Tertiam,
292 298 310 329 “
322 290 402 365 Quia
410 291 631 368 quorumdam,”
651 288 680 349 i'n
694 311 752 368 qna
765 290 877 361 delinit,
891 309 960 350 eum
971 306 1037 350 osae
1054 260 1072 313 β

85 373 268 440 haereticum,
290 373 340 448 qui
355 371 531 430 contradicit
543 373 647 448 primae
657 370 762 440 Bullm,
777 377 802 429 dt
816 372 895 449 qnod
909 371 969 441 illc,
984 366 1038 451 qul
1054 343 1072 471 ἒ

86 462 190 510 contra
213 451 335 510 definita
348 452 374 508 8ι
388 451 524 509 ordinata
547 451 576 507 in
592 451 720 508 secunda
742 451 831 508 Bulla
851 451 965 509 dixerit
985 458 1072 521 ant„

85 529 262 600 defenderit,
290 530 330 588 sit
343 539 502 588 contumax
516 528 675 588 &rebellis
689 530 830 588 Ecclesiae
845 530 1001 590 Romanae.
1054 526 1072 563 '-

125 610 176 669 Ex
185 609 231 667 his
244 610 363 668 videtur
377 610 470 687 sequi,
492 609 573 686 qudd
585 618 637 666 aut
652 610 734 685 Papa
742 610 887 668 erraverit
897 610 927 666 in
939 606 1039 677 Bulla,
1055 574 1072 635 'l

74 698 138 747 ‘aut
151 688 231 826 ‹ludd
243 709 314 747 usus
334 688 404 747 facti
419 708 479 746 non
492 687 692 764 distinguatur
706 689 724 746 d
737 689 878 747 dominio.

124 768 157 830 V
177 769 218 827 ll.
239 768 278 828 R.
299 769 400 826 Danaa
413 777 552 825 neutrum
566 767 658 847 aequi,
680 769 868 849 ostenditque
892 786 932 825 ex
947 761 1072 824 Bulla¹

85 847 249 907 Clementia
266 847 303 907 V.
322 846 352 904 in
367 846 424 904 hoc
436 847 567 923 negotio,
589 846 668 924 quod
688 847 821 905 turbavit
833 856 930 906 totum
950 864 1040 902 muu-
1066 846 1072 882 ¹

84 927 165 996 dnm,
178 945 238 984 non
252 945 326 996 esse,
340 926 398 983 nisi
412 926 441 982 in
456 925 555 984 verbis
574 927 634 983 vim
649 931 675 982 δι
687 929 928 985 contrarietatem
940 947 948 993 ;
968 924 1043 1005 quia
1060 924 1068 961 ³

84 1007 219 1067 Joannes
231 1006 313 1083 Papa
323 1006 436 1084 accepit
450 1024 535 1063 usum
556 1006 585 1062 in
599 1016 665 1062 toto
679 1007 780 1083 rigore
788 1006 880 1084 juria,
896 1005 976 1062 sicut
990 1001 1042 1061 da·
1064 1005 1072 1043 ¹

83 1085 203 1143 finitur:
234 1083 373 1143 Facultas
401 1083 577 1163 disponendi
601 1083 639 1142 da
661 1104 705 1155 rc,
726 1091 776 1144 &a
796 1083 958 1144 dominium
988 1100 1041 1140 au·

83 1175 145 1223 tem
156 1165 269 1241 accepit
281 1163 381 1233 latinia,
401 1164 444 1222 sic
456 1174 491 1222 ut
504 1183 574 1222 usus
587 1164 668 1234 facti,
683 1184 710 1222 v.
725 1184 754 1241 g.
765 1163 891 1235 incibia,
905 1160 1038 1241 aequiva-

81 1243 160 1304 leret
170 1243 260 1301 debili
275 1243 416 1301 dominio.
1049 1282 1066 1320 ,Α

81 1379 84 1382 ⁴
124 1321 189 1380 Alii
202 1320 314 1391 dicunt,
336 1322 562 1400 qudeoauuee
577 1321 687 1382 XXII.
707 1322 780 1381 illud
808 1320 924 1381 tantirm
945 1320 1035 1378 docu·
1049 1340 1072 1399 ,a

83 1401 143 1461 erit
156 1410 190 1459 ut
200 1401 334 1478 privatus
348 1403 472 1472 Ductor,
493 1404 555 1460 uon¹
567 1401 640 1461 verb
655 1402 804 1462 definierit
815 1423 853 1461 ex
866 1400 1019 1459 cathedra.
1047 1406 1072 1480 {ff

128 1480 187 1542 Sed
201 1480 259 1538 isto
273 1480 316 1538 sic
329 1480 519 1549 definivisaet
541 1481 606 1540 &in
620 1481 676 1540 hoc
689 1483 812 1559 negotio
823 1490 935 1540 orasset
944 1479 1072 1561 ¹loon-,i

84 1580 147 1631 nes,
180 1558 255 1616 nihil
282 1558 350 1617 hinc
373 1570 476 1618 contra
502 1560 742 1620 infallibilitatem
771 1560 933 1631 Pontificio,
969 1556 1032 1617 cun
1047 1566 1072 1654 fg

86 1638 211 1733 questio
224 1637 286 1696 haec
299 1658 353 1697 nec
363 1638 451 1697 fidem
465 1659 626 1699 nacmorea
635 1650 759 1718 apectct.
1047 1664 1068 1719 ,3

315 1837 356 1898 N.
377 1839 424 1896 35.
465 1837 526 1897 nu
547 1791 806 1927 snnvrruun.

87 1960 112 2020 Ι.
134 1959 267 2021 Seruitus
283 1959 432 2037 dupliciter
444 1962 591 2038 accipitur.
632 1958 674 2019 ΙΙ.
696 1956 848 2020 Diuiditur
873 1963 906 2020 ia
924 1962 1035 2024 reclei».
1053 1964 1072 2003 Η

277 2038 338 2097 lll.
356 2039 547 2098 Pomonalem.
588 2038 643 2101 1V.
663 2039 844 2099 Etmiutum.
1052 2045 1072 2115 il

125 2158 235 2233 oum
256 2159 467 2221 estoniensi
1054 2125 1072 2246 l}

125 2238 151 2296 1.
171 2239 210 2299 R.
232 2239 388 2318 Accipitur
401 2240 568 2319 dupliciter,
588 2241 683 2300 active
694 2242 721 2299 dr
733 2240 859 2321 passive.
901 2243 1039 2305 Servitus
1057 2286 1072 2325 ἢ

86 2316 183 2376 activa
197 2328 243 2376 est
251 2319 312 2396 jus,
327 2319 406 2399 quod
421 2320 486 2397 quis
505 2320 604 2390 habet,
625 2331 660 2381 nt
673 2341 720 2387 res
738 2320 834 2379 aliena
848 2319 904 2380 sibi
918 2324 1041 2396 serviat,
1057 2352 1068 2406 Ι·

83 2394 207 2466 hooest,
227 2410 261 2456 ut
282 2399 312 2455 in
336 2419 372 2457 oa
388 2398 501 2477 aliquid
514 2398 612 2470 faciat,
633 2399 680 2457 vel
698 2419 757 2458 non
778 2400 868 2459 faciat
889 2398 927 2459 ad
951 2423 1039 2463 suum
1061 2429 1072 2486 r

83 2476 282 2538 commodum.
324 2478 446 2537 Passiva
461 2487 507 2537 est
520 2477 664 2559 subjectio
679 2478 787 2537 illavel
801 2478 954 2557 obligatio,
975 2484 1039 2561 qui
1059 2529 1072 2566 ι

83 2575 133 2615 res
147 2554 243 2614 aliena
266 2554 430 2634 subjicitur,
444 2566 485 2616 ut
498 2557 528 2615 iu
549 2577 584 2615 ea
598 2557 709 2634 aliquid
728 2558 779 2616 fiat
799 2559 847 2616 vel
866 2579 926 2619 non
940 2560 992 2620 fiat
1008 2562 1040 2620 in
1057 2612 1063 2627 ,,

84 2635 270 2693 commodum
285 2635 373 2703 illius,
394 2635 446 2714 qui
457 2635 630 2695 servitutem
645 2637 771 2695 activam
785 2634 884 2697 babet.
1061 2640 1067 2645 ’

124 2714 282 2787 Quomodo
292 2715 435 2774 dividitur
449 2715 599 2775 servitus?

123 2791 166 2850 ll.
187 2793 226 2852 R.
248 2793 319 2852 Alia
330 2804 376 2852 est
389 2791 486 2863 realis,
507 2793 747 2870 aliapersonatis,
769 2794 866 2853 &alia
880 2796 983 2857 mixta.

122 2870 225 2931 Reulis
239 2883 295 2942 est,
306 2874 365 2954 qni
375 2893 423 2932 res
437 2893 495 2932 una
504 2873 675 2933 immediate
689 2874 822 2953 subjecta
830 2887 876 2933 est
884 2876 971 2936 alteri
979 2878 1037 2950 τοὶ,

46 3003 55 3011 .
81 2958 117 3009 ut
130 2970 203 3027 ager
216 2971 298 3029 agro.

122 3029 183 3088 111.
205 3030 374 3089 Personalis
398 3041 452 3101 est,
473 3031 532 3110 quir
552 3051 679 3110 persona
692 3030 847 3110 subjicitur
860 3034 946 3094 alteri
967 3056 1038 3115 per·

82 3127 172 3178 aonae,
192 3118 227 3167 ut
240 3111 417 3188 mancipium
433 3113 573 3170 Domino.
803 3166 806 3173 .
1067 3094 1072 3131 ¹

123 3187 179 3248 IV.
200 3188 363 3260 Mixtacst,
373 3191 488 3267 quares
497 3189 592 3249 aliena
601 3187 880 3267 subjectaestalteri
889 3212 1035 3271 persuum.
1063 3174 1072 3215 ¹

121 3268 218 3329 Juxta
226 3267 278 3345 jus
291 3288 454 3339 commune,
476 3269 655 3347 praediorum
668 3266 858 3341 urbanorum,
874 3293 948 3351 ¹quae
963 3288 1034 3333 sunt
1061 3256 1072 3296 ¹

83 3344 208 3406 aedificia
234 3367 299 3406 cum
331 3348 425 3407 hortis
453 3347 629 3407 habitationi
656 3347 817 3419 hominnm,
838 3352 1034 3426 commerciis,
1060 3320 1072 3413 'l

81 3424 209 3505 similive
218 3426 284 3486 usui
299 3426 455 3498 destinata,
469 3427 526 3486 etsi
540 3437 627 3486 extra
640 3424 733 3487 urbes
742 3428 838 3487 locata
851 3428 919 3499 sint,
939 3432 1032 3489 serri-
1058 3416 1072 3460 ἦ

80 3513 162 3563 tutes
176 3515 245 3563 aunt
258 3504 322 3566 hm:
349 3517 384 3565 ut
403 3505 491 3565 liceat
503 3507 611 3584 parieti
624 3506 712 3564 vicini
725 3506 839 3586 lignum
861 3509 1032 3582 immittere,
1057 3496 1072 3573 ’ἶ

80 3595 116 3640 ut
128 3583 310 3643 stillicidium
325 3584 457 3661 recipiat,
478 3605 516 3644 ne
527 3584 615 3646 altirla
626 3585 692 3665 quia
702 3587 788 3646 tollat
801 3587 878 3647 aedea
895 3608 972 3661 suas,
993 3609 1031 3665 ne
1058 3560 1072 3620 l

78 3658 239 3724 luminibus
252 3663 342 3723 vicini
355 3663 472 3737 officiat,
492 3669 543 3725 &o
1059 3656 1071 3782 ξ
