2160 4034
240 168 284 211 nn
305 163 543 211 conrnnormus
562 164 598 208 ru
617 165 735 210 ersom.
900 148 958 211 4⁰⁷

50 266 106 330 Au
120 269 192 333 licet
206 270 382 333 defraudare
394 267 561 346 vectigalis,
585 268 612 327 si
632 269 692 328 sint
712 266 907 348 probabiliter.
918 271 963 331 in·

49 353 122 412 stu?
427 405 430 409 .

49 428 94 489 R.
119 431 281 490 Existimat
303 430 441 499 Biiluurt,
460 428 497 489 de
514 425 633 486 tributis
657 425 755 487 dubiis
775 428 854 488 idem
871 426 963 491 reso}-

49 509 149 569 ndum
164 530 230 570 esse
243 510 319 569 sicut
332 510 369 570 de
383 507 492 568 debitis
506 506 612 576 dubiis,
625 526 732 585 nempe
745 507 886 568 solvende
898 527 965 569 esse

75 601 177 649 rutum
200 588 291 649 dubii.
331 588 423 648 Multi
446 600 545 646 tumen
571 587 752 663 generaliter
773 587 964 666 respondent,

49 686 81 726 se
108 669 226 747 integre
248 668 397 736 solvendo,
422 681 485 737 tum
506 665 577 744 quis
600 666 629 722 in
652 664 741 725 dubio
762 666 897 727 utendum
916 677 964 727 est

49 758 168 826 recepto
195 748 356 826 superioris
382 749 528 805 instanter
578 744 764 822 recipientis,
798 757 862 809 tum
893 744 963 828 quis

49 825 162 905 inceps
177 846 254 904 supe
268 827 357 886 habet
368 846 470 886 opums
484 764 632 885 occuftus:
653 823 791 902 denique,
800 836 833 885 ut
842 824 961 889 deducit

49 916 169 984 eynert
183 925 222 964 ex
233 906 327 966 ultera
337 907 484 966 sententis
496 903 671 982 gravissimu
684 903 869 965 incommode
878 904 962 984 sequi

49 993 89 1042 tn
102 995 180 1044 sunt.
521 991 524 995 ’

53 1063 144 1137 Quid
157 1063 313 1123 dicendum
328 1064 366 1125 de
379 1064 425 1135 iis,
440 1064 490 1146 qui
505 1060 661 1139 vectigalis
674 1062 909 1125 defruudsrnnti

52 1141 98 1202 R.
121 1143 156 1202 In
183 1143 361 1204 couscientia
387 1154 526 1202 tenentur
552 1140 591 1200 nd
617 1142 844 1215 restitutionem
872 1160 963 1221 quun·

49 1222 178 1360 upupdem
190 1224 339 1302 peccarint
352 1233 456 1282 contre
464 1221 612 1299 justitium
627 1223 653 1280 du
661 1219 732 1298 jure
743 1223 962 1301 Principisvio·

49 1319 120 1360 rm.
945 1354 953 1363 .

57 1379 102 1439 11.
124 1380 288 1441 Restitutio
310 1380 372 1441 haec
387 1381 589 1442 confessarios
612 1380 731 1476 quidem
752 1381 876 1441 multirm
897 1399 963 1439 eru·

49 1468 96 1528 ut3
117 1460 169 1520 sed
194 1460 224 1519 id
248 1462 338 1520 etiam
362 1462 393 1520 in
414 1461 480 1521 eliis
502 1461 740 1527 restitutionibus
766 1481 844 1540 supe
865 1461 963 1523 locum

49 1538 129 1598 ibet:
149 1551 330 1618 quopropter
344 1552 464 1618 oportet
476 1561 529 1601 eos
542 1560 607 1602 esse
626 1550 804 1610 consumes,
828 1547 853 1601 or
872 1539 965 1619 poeni·

49 1628 119 1678 ntes
132 1620 170 1677 ud
184 1620 402 1679 restitutionem
416 1621 480 1679 sine
494 1622 667 1681 remissione
680 1619 828 1697 obligare:
850 1618 964 1680 &certi

49 1696 68 1755 d
79 1698 181 1776 agitur
195 1697 233 1757 de
245 1697 465 1759 fraudatoribus
483 1719 523 1758 ex
541 1701 684 1778 professo,
708 1700 735 1757 ds
749 1699 780 1757 ni
793 1700 912 1759 omnino
925 1697 965 1757 sd

49 1777 238 1837 stitutionem
253 1788 322 1837 sunt
336 1777 503 1856 obligandi3
523 1779 569 1837 vei
583 1780 683 1857 egitur
696 1778 734 1839 de
747 1778 814 1849 illis,
835 1778 886 1858 qui
905 1777 966 1839 uni

49 1856 139 1915 ‚ntrim
153 1867 205 1915 eut
218 1857 314 1916 elteri
327 1857 391 1916 vice
405 1856 634 1920 defraudatum:
655 1859 682 1917 ir
703 1869 773 1917 tnnc
793 1858 860 1917 cium
876 1854 963 1919 resti·

49 1935 98 1995 :tio
118 1956 176 1995 uon
191 1936 329 1995 osvaldo
349 1933 497 2008 notabilis,
520 1956 579 1996 nou
599 1938 659 1998 erit
678 1937 768 1996 etiem
782 1936 868 1997 vuldo
887 1934 962 1997 diffi-

49 2015 93 2074 iis.
134 2015 232 2086 Adde,
254 2025 391 2093 respectu
409 2015 525 2086 horum,
547 2026 583 2075 ut
606 2016 678 2075 dicit
701 2015 856 2088 Duelmuu,
875 2034 963 2095 posse

49 2092 179 2173 iquundo
192 2095 332 2172 praesumi
352 2094 390 2153 de
409 2093 477 2154 beni
520 2095 593 2154 itote
607 2096 778 2174 Principum
791 2114 847 2175 pro
861 2095 963 2155 remis·

49 2192 102 2233 one
129 2173 336 2234 restitutionis.
388 2174 474 2247 Quen
497 2174 637 2253 oquidem
664 2174 695 2233 hi
722 2187 842 2255 quotum
869 2192 961 2245 mum,

49 2252 175 2331 tetiguliu
198 2253 308 2331 possim
332 2252 484 2324 solvendo,
507 2253 661 2314 moraliter
680 2253 874 2315 contribuisse
894 2271 961 2315 cen·

49 2343 145 2391 entur.

54 2412 139 2486 Quid
163 2411 317 2472 dicendum
342 2410 380 2471 de
404 2411 468 2470 istis
486 2410 689 2488 vectigalibus,
712 2430 778 2490 qun
797 2419 957 2471 nunctum

49 2510 75 2551 'n
101 2501 179 2562 suut,
211 2493 281 2573 quin
304 2511 339 2552 eu
365 2489 451 2549 multi
485 2490 670 2563 defraudant,
700 2491 802 2551 futuru
827 2489 957 2571 alioquin

49 2570 136 2641 tiore,
151 2573 176 2629 si
191 2591 292 2630 omnen
306 2571 478 2632 solverent?
906 2572 909 2579 ’
948 2580 951 2587 “

53 2649 115 2709 111.
136 2650 175 2709 R.
204 2651 265 2709 Pro
292 2650 439 2708 solutione
466 2649 554 2727 hujus
580 2649 759 2717 difficultatis
785 2668 832 2709 en¹
852 2647 955 2727 Sylrio

48 2731 200 2807 eyuertins
208 2729 328 2808 aliquod
338 2740 603 2808 temperamentum
614 2729 748 2809 suggerit
756 2726 959 2789 controversi&

49 2820 155 2889 quest.
166 2815 194 2867 2.
208 2809 237 2867 iu
251 2809 414 2888 appendice
427 2808 465 2867 sd
479 2820 634 2869 comment.
677 2809 829 2888 Wiggers,
843 2806 955 2869 scilicet

49 2887 613 3047 fntiiutiiti‘tiitissititt
627 2886 957 3047 imiimi·

129 3008 137 3037 2
944 3007 953 3038 2

52 3047 100 3105 dm
114 3045 187 3104 eliis
200 3060 384 3123 graveretur,
398 3047 423 3105 si
437 3067 539 3107 omnes
552 3048 712 3107 solverent.

51 3125 108 3186 IV·
130 3124 190 3187 Sed
203 3135 468 3204 temperamentum
483 3126 540 3186 hoc
558 3145 618 3186 non
632 3125 768 3187 omnibus
781 3124 893 3204 placet:
915 3123 952 3183 In

49 3203 124 3298 imis,
136 3205 205 3342 qpliu
218 3206 260 3264 sio
266 3207 405 3342 privatus
416 3207 540 3286 quisque
554 3205 744 3343 cepistituiltup
752 3203 848 3342 {udp}
860 3202 956 3356 ique·

49 3303 199 3344 rmruenc
232 3304 451 3354 eremorum,
495 3303 562 3345 uem
594 3305 662 3345 erre
702 3305 787 3345 ee:
845 3324 854 3341 .
904 3301 955 3341 urs

49 3383 55 3421 t
67 3362 151 3441 leges
165 3304 321 3442 venziguiiu
333 3377 393 3424 tam
411 3305 705 3424 ultuqconstituentes
718 3363 872 3423 manifeste
886 3360 955 3431 ¹elu-

49 3452 124 3501 untur
137 3445 164 3500 ds
177 3443 296 3503 inutiles
316 3455 393 3515 suut,
414 3454 449 3502 ut
466 3463 505 3503 ex
519 3444 584 3522 ipso
597 3443 745 3521 exemplo,
767 3440 846 3523 quod
868 3441 956 3519 Stepff

48 3531 77 3580 rt
100 3521 230 3591 udducit,
250 3523 371 3583 evidens
395 3535 456 3591 est;
477 3523 548 3600 quid
566 3524 645 3581 enim
664 3524 760 3600 juvet,
785 3520 977 3599 Principum²
988 3558 994 3599 p

50 3619 205 3680 ponerer.
218 3620 248 3681 g.
262 3601 390 3683 uectigal
399 3602 532 3683 duplum,
545 3620 584 3663 ex
598 3621 634 3663 eo
647 3600 725 3683 quod
735 3598 798 3661 ferd
808 3598 959 3665 nedictus
