2160 4034
379 181 422 223 ne
443 180 692 224 cournacrmus.
953 168 1012 226 815

95 281 157 343 VI.
180 283 268 345 Circa
288 283 460 363 illegitimos
474 294 505 344 et
518 284 635 363 spurios
649 283 765 343 variant
781 282 916 344 locurum
938 306 1008 344 con·

59 362 250 423 suetudines:
271 364 302 422 in
317 364 480 424 Brabautia
493 364 597 424 testari
610 383 669 422 uon
687 374 821 441 possum,
841 366 898 425 nisi
919 364 1010 425 babe-

58 449 107 498 ant
120 445 227 521 proles
240 444 398 522 legitimas,
413 445 460 502 vel
474 445 618 520 rescripto
634 442 782 520 Principis
795 444 908 503 fuerint
917 444 1007 503 etiem

55 518 90 578 ud
105 520 141 580 id
154 521 327 600 legitimati,
342 524 388 582 vel
402 524 507 582 saltem
522 522 670 600 Principis
683 541 859 581 consensum
872 523 1010 583 obtinue-

49 597 134 660 rint:
157 602 212 661 sed
223 602 282 660 iliis
291 602 422 661 succedit
434 603 592 680 Princeps:
613 601 657 659 ita
669 603 811 679 expresse
820 602 930 661 habeut
939 622 1009 662 con·

49 680 233 740 suetudines
248 682 449 740 Lovanienses
459 688 484 740 dl
496 682 742 759 Antuerpienses.
770 682 1007 742 consuetudines

49 758 172 819 Mecbl.
187 763 233 818 tit.
252 763 287 819 te
300 771 356 819 art.
370 764 399 818 2.
420 759 602 839 simplicibus
620 758 785 838 illegitimis
798 781 851 820 seu
868 761 1009 821 naturali·

49 836 109 896 bns
124 841 232 898 testari
247 842 423 918 permittunt
436 860 536 898 coram
550 839 692 898 scabinis:
714 859 816 900 verum
837 841 945 918 spuriis
969 861 1015 901 ex·

49 915 208 979 adulterio
221 931 273 979 aut
286 920 345 979 aiio
359 920 497 979 damnato
510 919 627 997 legibus
647 921 727 978 coitu
747 921 911 997 procreatis
924 920 1015 998 leges·

49 999 164 1056 testari
184 999 327 1069 inhibent,
347 998 455 1058 ibidem
477 1009 533 1058 art.
550 1002 574 1056 l.
594 999 832 1058 consuetudines
854 998 1008 1058 Alostanee

49 1076 178 1137 rubrica
191 1080 238 1136 21.
253 1090 299 1136 art
313 1082 341 1136 5.
354 1079 520 1156 generatim
534 1088 669 1137 statuunt
684 1077 853 1137 bastardum
868 1098 956 1156 posse
970 1079 1007 1138 de

49 1152 142 1214 b'nnis
157 1158 219 1216 suis
232 1159 392 1235 disponere
407 1178 460 1236 per
473 1169 684 1217 testamentum
698 1157 737 1217 ad
752 1177 838 1216 unam
852 1158 982 1216 tertiam.

94 1236 283 1308 Quibusdam
299 1240 326 1295 in
341 1237 424 1307 locis,
441 1249 475 1296 ut
489 1238 518 1295 in
534 1237 706 1305 Brabautia,
728 1237 843 1296 indulto
859 1237 1014 1315 Principis·

49 1326 246 1453 bittit
258 1313 1005 1456 diutimtibrim:thtssissdit‘itdt’

52 1492 130 1541 rum,
141 1473 221 1551 jure,
236 1486 270 1533 ut
283 1476 366 1534 aiunt
379 1485 398 1513 ‘⁶
411 1474 600 1545 Albinatus,”
613 1415 748 1552 eberbant
761 1474 799 1532 ad
814 1475 940 1551 Regem,
950 1493 1004 1533 ex·
1017 1542 1021 1549 .

55 1554 149 1630 septis
165 1553 248 1613 bouis
268 1554 444 1632 legatorum,
468 1566 665 1614 mercatorum
689 1553 858 1611 habentium
873 1553 1004 1614 animum

54 1632 92 1690 ad
105 1652 161 1691 sua
172 1633 351 1703 revertendi,
367 1633 609 1712 Reguicolarum,
623 1634 675 1691 &a
695 1632 775 1693 Vide
788 1633 899 1692 Pontes
910 1632 1002 1692 verbo

57 1710 307 1771 Transrenanum
321 1732 390 1771 caru
407 1715 452 1771 ll.
467 1714 492 1770 du
513 1716 556 1770 12.

92 1790 168 1851 VII.
191 1791 365 1870 impuberes
378 1792 544 1869 generatim
558 1791 662 1851 testari
676 1811 735 1849 non
749 1801 882 1869 possunt,
901 1790 932 1849 id
946 1801 1001 1862 est,

58 1869 176 1928 masculi
200 1883 269 1928 ante
295 1874 340 1940 14,
355 1870 459 1947 puellae
475 1884 544 1929 ante
560 1874 606 1929 12.
627 1890 735 1929 annum
760 1871 856 1929 aetatis
874 1871 1001 1949 comple·

57 1958 135 2015 tumr
163 1950 271 2008 sufficit
284 1960 395 2018 tamen,
409 1949 547 2009 ultimum
561 1951 640 2009 diem
654 1970 719 2008 esse
733 1948 914 2008 inchoatum.

88 2027 226 2088 Puberes
237 2029 317 2097 verb,
331 2030 388 2089 etsi
399 2029 452 2089 sub
468 2030 564 2106 patria
577 2039 726 2106 potestate
740 2029 880 2098 existant,
895 2029 1000 2087 testari

55 2118 177 2183 possunt
189 2109 218 2166 iu
235 2109 398 2168 Brabantia
412 2107 450 2167 de
465 2108 549 2167 bonis
569 2109 777 2176 castrensibus,
799 2113 825 2167 dr
839 2107 922 2186 quasi
937 2128 999 2167 eus·

55 2188 209 2258 mensibus,
224 2190 295 2248 item
310 2189 348 2247 de
363 2188 448 2246 bonis
460 2188 632 2247 adventitiis
647 2188 710 2245 sine
721 2187 814 2263 patris
824 2207 979 2246 consensu.

85 2267 206 2327 Verum
220 2267 258 2327 de
272 2268 454 2344 proprietate
475 2267 534 2335 illa,
555 2285 643 2346 quam
664 2269 765 2342 proies
783 2265 920 2324 obtinent
928 2266 999 2344 jure

52 2343 252 2406 devolutionis
266 2346 411 2406 dissoluto
425 2366 479 2423 per
490 2356 616 2404 mortem
630 2356 785 2422 parentum
800 2347 999 2413 matrimonio,

49 2426 156 2561 gesuri
171 2437 222 2485 aut
235 2428 393 2505 disponere
405 2424 575 2484 nullomodo
583 2433 716 2502 possunt,
732 2423 814 2481 utait
824 2423 999 2483 Stoekmans

67 2505 204 2564 ecisione
218 2510 246 2564 Θ.

57 2630 61 2636 .
85 2584 260 2643 Meebiinirn
275 2585 437 2663 requiritur
451 2584 537 2662 plena
550 2582 700 2662 pubertas,
721 2582 752 2640 id
773 2591 828 2650 est,
856 2584 892 2640 18
904 2600 997 2640 annus

49 2664 216 2742 completus
229 2665 258 2722 in
274 2666 412 2734 masculo,
437 2671 462 2723 81
479 2667 514 2721 16
529 2665 557 2722 in
574 2662 680 2739 puelia,
703 2672 735 2719 ut
748 2661 823 2719 citra
835 2659 999 2719 authorita-

49 2751 109 2801 tem
124 2753 258 2802 tntornm
272 2745 377 2802 testari
394 2743 519 2821 possint.
560 2741 640 2803 Vide
653 2739 881 2800 consuetudines
896 2739 999 2799 Mech-

49 2820 191 2881 Iinienses
204 2823 252 2883 tit.
267 2825 312 2881 19.
324 2833 379 2881 art.
388 2825 436 2880 24.

89 2901 183 2961 VIII.
204 2902 311 2961 Clerici
325 2901 479 2960 saculares
494 2900 638 2960 hodierno
658 2919 714 2957 usu
727 2897 825 2957 valide
839 2907 996 2968 testantur,

49 2980 140 3039 etiam
175 2980 213 3040 de
246 2982 440 3059 proventibus
469 2979 700 3039 Ecclesiastieis:
729 2977 782 3036 sed
809 2978 998 3037 meminerint

49 3061 161 3119 strictas
182 3061 372 3137 obligationis
386 3080 474 3139 quam
496 3059 615 3127 babent,
638 3057 832 3135 expendendi
847 3057 997 3134 superflua

49 3149 247 3216 proventuum
263 3140 538 3199 Ecclesiasticorum
557 3138 587 3195 in
610 3139 675 3215 pide
692 3156 772 3196 usus.
813 3136 891 3196 Vide
906 3137 996 3196 Num.

53 3221 97 3277 13.
110 3219 178 3278 “de
193 3221 268 3281 Jure
283 3221 310 3278 ds
323 3220 345 3280 J
348 3219 475 3278 ustitia.”

88 3298 150 3359 lx.
171 3299 318 3377 Religiosi
333 3298 505 3358 solemniter
524 3296 651 3374 professi
671 3295 776 3354 testari
789 3314 846 3353 nnn
861 3305 994 3372 possunt,

49 3378 104 3437 nisi
129 3379 191 3437 sint
212 3379 359 3456 Episcopi.
400 3379 449 3436 De
470 3376 587 3436 Neritii
609 3386 787 3434 testamento
806 3373 874 3432 vide
889 3374 1007 3433 Conci·-

49 3458 120 3516 lium
136 3457 221 3517 Trid.
235 3478 307 3517 sess.
321 3461 369 3516 25.
384 3458 451 3516 “de
466 3455 682 3532 {regulariter
697 3475 759 3532 cap.
778 3457 822 3512 lb.

86 3534 129 3595 X.
150 3537 289 3618 Denique
300 3538 419 3615 quidam
430 3536 625 3614 probibentur
635 3536 738 3593 testari
749 3533 788 3591 ob
798 3531 948 3601 delictum,
961 3540 994 3589 ut
1046 3526 1054 3567 ¹

49 3617 89 3674 rei
102 3616 236 3675 criminis
250 3618 343 3675 Laesae
353 3616 532 3696 Majestatis,
545 3615 676 3673 damnati
687 3613 724 3672 ad
738 3621 862 3673 mortem
874 3621 937 3669 tum
951 3611 994 3671 ci·
1008 3652 1015 3699 ¹.

49 3695 146 3763 rilem,
158 3704 221 3753 tum
232 3696 410 3757 naturalemr
424 3716 477 3757 reo
486 3706 586 3754 tamen
595 3692 734 3755 morienti
744 3691 773 3750 iu
784 3689 927 3769 custodia,
937 3706 1015 3755 suu

122 3792 194 3833 von.
213 3790 248 3834 11.
487 3777 548 3835 2n
