2160 4034
339 198 382 240 na
402 186 483 242 soba
502 198 545 241 ar
564 198 718 242 rosarum.
945 184 1002 243 luo

49 292 123 383 llos,
146 298 255 377 quibua
279 300 473 360 contumelias
486 300 628 372 inierunt,
651 300 846 363 exacerbare:
866 302 910 363 alc
923 323 1002 384 saepe

49 377 188 533 genitae
197 386 478 458 peccantparentea,
492 381 544 459 qni
553 381 652 461 proles
667 397 734 440 auae
745 381 841 441 nolent
854 383 1005 462 appellare

88 455 257 529 tibularioa,
278 476 373 537 nages,
393 462 575 531 meretrices,
592 460 669 519 filios
682 459 802 530 diaboli,
816 462 868 522 &a
881 462 1005 523 effectus

49 533 160 613 ¹probat
169 558 244 605 rem,
258 538 328 620 quia
340 538 475 597 videmus
489 540 569 618 quod
583 541 681 618 proles
695 540 763 598 binc
773 539 887 601 discant
901 553 1005 602 contu·

49 616 188 688 maclam,
208 616 402 689 iracundiam,
422 617 662 689 inobedientiam,
684 621 735 677 &u

49 742 52 747 .
91 692 194 757 Docet
209 696 241 756 S.
254 696 386 756 Thomas
400 708 502 775 qumst.
516 698 565 756 ¹78.
585 710 641 758 art.
654 702 683 757 8.
697 698 735 758 ad
749 701 777 757 2.
797 700 1005 760 contumeliam

58 774 219 835 mundum
232 794 265 836 ee
279 786 344 836 ees'e
362 777 482 855 gratim
496 788 659 856 peccatum,
680 794 768 856 quam
782 779 1005 851 detractionem,

51 848 233 949 =ltqtrantrlm
260 856 439 939 contumelia
465 856 591 950 involvit
624 857 769 935 majorem
803 868 1005 951 contemptum

49 932 1009 1078 *aareaetertarteeeancnautran

53 1088 172 1169 'abjecte
184 1095 319 1231 plropria,
330 1094 373 1153 eia
383 1097 441 1155 erit
452 1094 597 1157 detractio
610 1096 731 1175 gratim
740 1105 901 1174 peccatum,
917 1116 1007 1176 quum

61 1180 197 1232 tantuma
211 1174 249 1232 ia.

88 1250 258 1393 Undenagn
278 1252 424 1332 contingit
448 1253 655 1313 contumeliam
676 1252 792 1313 namn
812 1273 879 1314 ease
892 1254 1007 1315 veniale

144 1340 214 1391 tnm

54 1346 154 1471 μῆ.
166 1411 209 1471 R.
226 1413 271 1471 1⁰.
286 1412 337 1471 Ex
348 1411 523 1491 imperfecte
536 1410 757 1485 deliberatione,
778 1432 807 1472 v.
820 1432 851 1492 g.
871 1414 1008 1473 exsemi-

49 1486 143 1567 plena
157 1490 355 1563 advertenda,
376 1491 425 1550 vel
438 1506 476 1550 ex
487 1501 573 1550 motu
587 1493 638 1550 ire
649 1492 898 1570 secundo-primo.

84 1568 145 1628 2⁹.
165 1566 220 1629 Ex
228 1566 354 1631 levitate
367 1571 508 1640 materiae,
535 1588 600 1650 qnae
615 1571 772 1648 ponderari
785 1571 875 1630 debet
888 1590 1005 1650 respec-

49 1644 112 1708 tlt'e
123 1648 659 1727 adpeisouamlmdentemdzlaeaam3
679 1648 860 1731 quiaeadem
879 1652 1006 1711 materia

49 1736 98 1787 ert
112 1729 368 1807 graviareepectu
381 1729 477 1797 unius,
498 1738 529 1787 et
547 1728 622 1787 lenia
642 1741 782 1807 respectu
800 1730 943 1789 alteriue:
964 1731 1007 1789 sic

49 1804 128 1865 dnm
154 1804 296 1868 Plebeiae
319 1817 406 1868 vocat
430 1808 584 1869 Plebeium
607 1808 740 1881 stultum,
774 1809 947 1881 mitioris,
976 1820 1008 1869 et

49 1887 169 1965 ¹gravia,
192 1891 217 1946 ai
231 1886 366 1947 subditae
379 1898 467 1946 vocet
479 1887 634 1965 prelatum
645 1888 782 1946 stultum.

97 1966 217 2040 Qnaeet.
231 1970 279 2025 72.
293 1970 349 2026 adt.
363 1970 391 2025 2.
405 1966 443 2025 ad
459 1968 485 2024 1.
499 1966 586 2027 ducet
602 1968 632 2026 S.
647 1966 754 2026 Thom.
767 1986 854 2046 ponae
868 1986 934 2027 eaeo
944 1969 1008 2027 aine

149 2056 183 2105 to
197 2056 230 2105 et
241 2047 392 2124 pertinere
403 2045 441 2104 ad
452 2045 666 2124 Eutrapeliam,
675 2047 756 2125 quod
764 2047 1009 2128 dicatnraliquod

71 2144 127 2184 eve
140 2126 317 2198 convicium,
338 2146 396 2184 non
410 2125 448 2183 ad
468 2125 730 2184 dehonorationem
744 2146 799 2184 nec
812 2127 1012 2186 contristatio·

62 2220 130 2265 nem
142 2205 210 2282 ejus
224 2205 253 2263 in
268 2218 356 2284 quem
369 2204 486 2276 dicitur,
498 2205 551 2264 aed
559 2203 622 2283 joci
636 2215 687 2263 aut
701 2204 906 2266 delectationis
914 2205 1011 2278 causi,

65 2283 88 2342 ai
101 2283 211 2344 debite
227 2284 452 2344 circumstantiae
467 2283 670 2343 observentur.

101 2364 186 2422 Iaoeo
200 2364 250 2423 ait.
271 2373 326 2422 art.
339 2366 368 2423 d.
389 2364 476 2422 docet
490 2363 696 2423 contumeliam
709 2365 805 2442 magis
819 2364 891 2424 oriri
905 2384 943 2424 ex
956 2365 1010 2434 ira,

69 2442 151 2502 sicuti
166 2442 312 2502 detractio
326 2444 399 2502 oriri
410 2443 486 2501 solet
497 2443 673 2502 oxinvidla:
695 2444 773 2502 unde
782 2444 1012 2502 efficacissimum

62 2522 230 2582 'remedium
244 2532 347 2582 contra
360 2522 566 2581 contumeliam
581 2523 606 2580 a
621 2521 833 2582 detractionem
848 2530 893 2582 ee't
907 2542 1012 2582 cavere

72 2601 169 2672 abira,
189 2601 320 2661 vindicta
333 2602 490 2661 &invidia

105 2682 176 2755 Quo
190 2701 280 2741 sensu
292 2681 365 2741 dicit
380 2681 524 2753 Cbriatua,
546 2679 656 2739 Matth.
670 2699 732 2758 cap.
745 2683 775 2738 5.
796 2681 835 2742 V.
849 2683 897 2739 22.
918 2688 937 2719 ‘⁴
951 2681 1012 2755 Qui

72 2768 89 2799 ⁸⁴
98 2760 213 2820 dixerit
227 2760 329 2898 §fratri
343 2760 413 2840 auo)
427 2760 519 2832 fatue,
540 2779 608 2819 reue
623 2760 681 2818 erit
695 2759 838 2838 gebennae
851 2759 931 2838 ignis
941 2760 974 2820 ?''

49 2838 51 2885 ἷ
102 2838 144 2901 R.
160 2841 229 2900 lnte
240 2840 294 2919 ligi
308 2839 405 2910 debet,
420 2839 490 2898 dum
504 2839 625 2897 attentis
639 2839 866 2898 circumstantiis
879 2841 906 2897 a
919 2839 1013 2918 qnali-

49 2980 51 2991 ,
73 2918 179 2979 atibus
189 2920 272 2991 sacti,
287 2934 430 2997 persone,
445 2919 613 2987 astantium,
629 2920 679 2976 &u
693 2919 909 2978 censeturinde
919 2918 1014 2978 honor

49 3060 51 3069 ,
68 3000 197 3058 'etfama
210 2998 332 3058 alterins
346 2996 517 3057 notabiliter
529 2997 616 3066 laedi3
638 3000 663 3055 br
677 2999 841 3076 praeuertim
854 2998 926 3057 dum
936 3016 1016 3058 com·

74 3078 193 3159 pollutio
207 3078 342 3158 procedit
356 3098 395 3136 ex
407 3077 493 3157 gravi
505 3076 573 3136 odio
587 3076 635 3135 vel
646 3078 800 3137 aversione
813 3078 954 3157 proximi.

71 3236 107 3296 N.
120 3240 169 3297 96.
205 3238 265 3298 DE
285 3230 616 3298 RESTITUTIONE
633 3236 697 3295 EX
710 3236 1016 3299 cON'rUMnmA..

72 3358 96 3420 l.
114 3360 241 3421 Rectam
258 3360 355 3420 debeat
373 3359 462 3419 bonor
481 3360 564 3419 lacae
582 3359 696 3437 alioque
713 3361 829 3420 domna.
870 3358 912 3419 Il.
931 3355 1015 3417 Mada·

392 3440 548 3519 reparandi
565 3438 704 3498 bonorem.

107 3561 173 3621 AD
187 3562 258 3645 quid
268 3560 426 3639 obligatur,
448 3560 499 3640 qui
512 3560 598 3619 alteri
612 3559 818 3620 contumeliam
831 3556 955 3618 intulit?
1023 3566 1043 3599 ·¹

110 3640 136 3700 Ι.
149 3642 190 3702 R.
203 3641 255 3702 Ad
265 3641 452 3700 resarcienda
466 3641 572 3699 damna
584 3639 653 3700 inde
668 3640 754 3701 alteri
767 3647 891 3700 exorta:
911 3636 1003 3700 damn

76 3730 175 3783 autem
187 3720 239 3783 illa
252 3730 331 3798 aunt,
354 3722 400 3784 10.
413 3720 495 3785 lenio
508 3719 629 3784 honoria
643 3741 651 3780 a
