2160 4034
381 120 425 164 ua
444 118 694 164 ecuraacrtuus.
955 109 1013 168 ate

58 244 62 249 ·
99 225 154 286 An
168 225 243 286 verd
263 223 406 304 deceptus
426 223 522 303 poreit
535 231 718 282 contractum
741 224 920 293 rescindere,
942 243 1011 304 sup·

10 324 15 341 ¹
61 307 161 385 potito
183 325 248 364 rem
270 303 366 363 adhuc
388 304 536 381 integram
550 322 624 373 erse,
645 302 824 362 dissentiunt
838 303 1010 363 Authoree:

12 388 20 419 '-
64 383 354 453 manummerias,
376 383 536 453 Benacinu
558 384 611 441 dcc.
630 392 741 458 negent
755 383 898 453 Autome,
920 385 1010 443 Dael·

22 488 27 495 ·
64 480 139 535 mn,
160 463 281 543 aliique.
323 462 475 542 Quidquid
497 462 534 521 dc
547 480 584 520 eo
598 460 646 531 ait,
667 461 709 519 ait
733 463 844 533 Deuca,
860 461 912 540 jue
934 463 1011 541 posi-

10 554 25 576 ·'
64 543 157 603 tirum
170 543 378 602 rescissionem
392 562 450 600 nou
471 539 616 610 concedit,
638 539 691 598 sed
705 541 850 601 duntaxat
863 542 1010 603 actionem

64 630 78 661 ‘⁶
110 623 199 682 nauti
213 621 361 681 minorie.”

89 644 269 779 tiixcipiunt
288 710 387 759 umen
413 698 577 768 Aetherea,
601 698 652 779 qui
677 719 733 779 pro
756 719 794 768 ne
816 701 896 759 ativa
922 709 1011 770 stant,

10 780 21 817 Π
59 781 289 860 promissionem
316 780 477 856 gratuitum
501 788 533 836 et
560 777 752 838 donationem
775 720 937 850 iiierulcm,
961 783 1011 858 qui

10 862 33 897 ³
57 858 464 926 contraetuareecinduntur3
479 857 549 935 quie
558 857 706 919 actionem
727 868 745 896 “
757 860 859 940 quenti
871 860 1010 917 mineris''

10 942 23 978 ;·
53 956 119 999 nou
146 938 318 998 admittunt.
360 936 409 998 Ob
430 937 554 996 eandem
577 956 693 997 caueam
708 939 798 997 etiam
820 939 1009 1016 excipiuntur

10 1023 26 1057 ³¹²
52 1017 220 1095 sponsalia,
241 1011 408 1076 tumetium
431 1015 469 1076 ob
484 1016 566 1077 hanc.
587 1018 664 1098 quid
678 1017 821 1095 majorem
835 1018 1002 1077 libertatem

10 1104 22 1119 '
120 1097 234 1157 uirunt.
576 1114 580 1121 ·

10 1186 17 1219 ·'
56 1114 152 1236 ng&
174 1176 207 1236 si
220 1173 388 1253 hujusmodi
403 1193 488 1233 error
511 1174 551 1232 ait
571 1177 771 1235 concomitans
793 1175 856 1234 aive
880 1175 1013 1234 incidens

10 1268 14 1301 ;
53 1256 190 1324 tautam,
211 1265 381 1314 contractus
401 1274 460 1312 non
485 1264 530 1312 eet
553 1254 758 1324 rescindibiiie,
780 1254 884 1315 saltem
899 1255 1015 1333 privata

49 1334 255 1404 authoritate,
276 1334 365 1412 idque
379 1335 442 1392 eive
456 1332 506 1391 ilie
520 1351 604 1391 error
625 1335 782 1411 proveniat
805 1354 844 1393 ex
858 1335 927 1394 dolo
941 1334 1014 1394 elte-

62 1415 138 1486 riue,
157 1413 222 1473 aire
236 1432 304 1471 uon.
343 1412 435 1472 Ratio
449 1423 504 1483 eet,
524 1412 603 1491 quod
615 1433 681 1471 cum
692 1433 777 1472 error
791 1413 840 1471 iiie
854 1434 912 1472 non
925 1413 1015 1473 dede

10 1516 12 1527 ·
63 1494 106 1552 rit
122 1512 240 1553 cauum
255 1492 428 1562 contractui,
449 1509 508 1550 non
523 1493 563 1549 eit
576 1492 663 1563 ratio,
684 1512 776 1571 quare
789 1492 913 1553 deberet
933 1493 1014 1551 infir-

10 1614 12 1623 .
58 1592 151 1633 mam.

10 1636 15 1717 i
106 1651 241 1722 interim,
254 1652 280 1710 ei
294 1649 432 1710 erroreit
451 1668 491 1709 ex
514 1649 584 1709 dolo
608 1649 739 1722 alteriue,
760 1650 901 1729 deceptus
923 1651 1013 1711 hebet

69 1731 208 1792 adventis
221 1731 411 1809 deceptorem
422 1732 568 1788 actionem
589 1738 608 1768 “
622 1730 724 1866 quenti
734 1731 857 1789 minoris
867 1732 892 1789 c''
913 1733 937 1790 si
949 1733 1012 1790 aine

70 1810 134 1871 dolo
155 1811 286 1879 alteriue,
306 1808 425 1870 videtur
449 1808 588 1887 equidem
610 1819 686 1868 ater
705 1809 852 1887 obligatus
876 1810 914 1870 ed
937 1811 1015 1869 redi-

91 1890 195 1950 endum
209 1898 391 1948 contractum
405 1888 445 1947 ad
465 1882 673 1970 equalitatem,
694 1909 759 1947 cum
770 1889 821 1967 jue
834 1899 947 1951 neturae
963 1890 1013 1950 de·

27 2012 30 2017 -
73 1910 156 2029 eitam
170 1968 370 2052 equalitatem
384 1967 428 2026 rei
443 1968 567 2045 &pretii
580 1967 726 2045 requirat.

10 2126 31 2189 ii
127 2127 169 2188 N.
189 2130 219 2187 8.
263 2128 325 2187 DE
344 2126 470 2187 METU
491 2126 621 2187 ciaon
644 2126 958 2189 CONTRAGTUM.

10 2290 35 2335 ω
76 2248 96 2309 1.
111 2246 216 2307 Metus.
257 2245 299 2306 ΙΙ.
322 2244 496 2305 Aliurlecia.
537 2245 597 2305 Ill.
617 2245 703 2306 Aliter
725 2248 834 2323 praeit
874 2237 931 2306 lv}
957 2248 1016 2307 Ab·

10 2342 33 2407 ¹‚J
105 2326 203 2399 utute,
265 2326 303 2387 V.
337 2324 388 2384 Vel
407 2324 563 2402 repetire.
612 2324 670 2384 vt.
689 2324 792 2385 «luetur
817 2327 862 2386 ccl
885 2328 1015 2404 injustus.

10 2434 38 2485 'gc
106 2404 181 2466 vil.
213 2404 382 2465 Contractus
399 2405 520 2479 qrutuiti
539 2423 574 2463 cc
596 2414 669 2463 metu
689 2405 793 2485 icy'crtc
805 2406 1014 2479 euntinvalidp

10 2510 36 2565 q,-
107 2482 200 2544 Vlll.
226 2484 345 2543 Onerosi
356 2482 533 2542 wmvalidt'.
573 2482 632 2542 IX.
652 2482 754 2543 Etiam
756 2484 827 2561 jure
839 2484 926 2542 ciuili.
969 2482 1010 2542 X.

105 2562 217 2624 Paucis
236 2564 363 2641 exceptu.
404 2559 462 2621 xl.
484 2560 564 2621 Sunt
587 2572 679 2621 tamen
701 2562 896 2621 resciudibilce.
937 2562 1014 2621 xit.

10 2688 33 2727 2:-
111 2642 194 2715 Quid
201 2644 236 2702 de
248 2652 322 2701 mdc
335 2640 397 2701 leci.
439 2637 533 2698 thl.
553 2639 750 2719 Excipiuutur
759 2642 872 2720 foedcra
886 2641 1012 2719 publicu.

10 2732 33 2803 g
107 2720 199 2782 XIV.
225 2721 765 2795 Quideimctueincuecueaitu‘tertic.

10 2848 31 2883 ¹³
106 2842 132 2903 Ι.
152 2843 304 2903 ΜΕΤΰθ
323 2852 369 2902 eet
383 2844 491 2903 mentis
504 2843 674 2922 trepidatio,
696 2843 833 2902 instantis
853 2843 901 2903 vel
921 2834 1018 2902 futuri

10 2926 41 2991 ζ’,
71 2922 193 3001 periculi
210 2924 308 2981 causi.

10 3005 40 3057 '¹¹1'
108 3001 269 3076 Quomodo
283 3010 381 3061 metue
393 3000 587 3079 distinguitur
600 3001 630 3059 in
645 3000 796 3060 ordiuead
807 3004 1015 3061 contractum?
1046 3024 1049 3029 ·

11 3084 30 3119 ²³
105 3080 146 3141 R.
177 3079 279 3139 10.1n
300 3091 412 3140 metum
436 3080 726 3158 deremetgravem:
755 3091 851 3140 metue
875 3100 1013 3140 reveren·

11 3162 32 3239 *ς
67 3159 145 3219 tiulit
155 3170 257 3239 potest
267 3180 332 3219 eese
344 3158 420 3218 levis
434 3159 480 3218 vel
495 3162 604 3238 gravis.

17 3295 25 3315 ,,
107 3239 152 3299 Π.
173 3238 275 3298 Metu·
297 3238 406 3298 dicitur
426 3239 510 3308 levis,
534 3258 593 3320 qno
606 3238 730 3297 timetur
748 3238 858 3299 malum
871 3237 946 3308 leve,
968 3236 1016 3295 vel

11 3312 25 3354 Γ
68 3336 172 3397 grave,
193 3318 246 3376 aed
259 3336 318 3376 non
332 3318 535 3377 verisimiliter
548 3318 729 3396 impendens.
936 3332 940 3339 ·
1001 3327 1004 3331 '

10 3399 13 3432 ⁴
108 3397 141 3457 ll
145 3398 172 3457 Ι.
192 3397 301 3457 Gravis
314 3407 370 3465 eet,
391 3415 450 3474 quo
463 3396 586 3455 timetur
599 3398 709 3455 mulum
722 3416 814 3474 greve
827 3393 1018 3455 versimiiiter

13 3502 17 3525 ι
69 3474 255 3557 inpendens,
276 3476 345 3536 eive·
359 3475 433 3535 illud
456 3474 565 3534 mulum
579 3477 619 3535 sit
631 3496 723 3555 grave
736 3479 765 3534 in
781 3476 852 3534 re&
872 3471 1018 3542 absolute,

68 3557 133 3615 rire
146 3555 187 3615 ait
207 3554 323 3615 tantiam
344 3574 436 3635 grave
456 3556 622 3634 respective
646 3575 697 3616 eeu
721 3565 858 3633 respectu
881 3572 1018 3641 pereunte
1060 3556 1063 3563 '

71 3635 218 3697 timentis.
725 3678 730 3685 .
979 3654 984 3663 ·

154 3730 225 3775 voa.
244 3732 280 3776 11.
520 3714 579 3772 ta
774 3728 844 3752 Α
