2160 4034
108 174 167 235 242
481 185 673 231 moranus
765 198 770 207 ·

106 297 176 359 tole
199 295 277 357 inter
298 311 389 372 opera
408 292 438 352 S.
453 291 659 353 &mordis-⁴⁴
670 286 782 353 Malam
805 308 935 358 uxorem
956 291 1051 370 potitis

107 385 127 417 ⁴⁸
137 376 199 439 risu
212 393 301 454 quam
312 371 415 433 baculo
425 370 610 450 castigabia.”
651 372 743 432 Ratio
751 382 807 444 est,
816 371 899 450 qnbd
911 391 990 432 uxor
999 391 1051 432 non

110 457 150 516 sit
163 454 220 512 viri
234 472 329 521 serva,
344 450 396 510 sed
411 453 497 522 socia,
512 453 538 509 da
552 470 619 510 cum
632 470 669 510 eo
682 471 742 510 nna
755 471 833 511 caro.

129 528 648 609 ·Anlioataliquemincarcerarc?'
815 540 820 551 “

147 613 191 674 11.
212 613 251 672 R.
271 611 302 671 S.
317 611 423 670 Thom.
436 620 493 669 art.
505 613 535 669 8.
548 610 766 671 “incarcerare
779 610 913 688 aliquem
924 609 973 668 vel
986 629 1046 688 qua·

106 704 125 735 ‘⁸
137 693 333 781 litoreamque
347 687 493 760 detinere,
513 699 559 748 ost
580 689 726 759 illicitum,
748 689 806 749 nisi
824 691 879 751 fiat
892 689 1042 753 secundun

107 783 126 814 ‘⁴
140 771 273 832 ordinem
283 768 418 845 justitiae,
441 777 492 827 ant
515 768 546 827 in
567 788 694 848 poenam,
714 779 766 828 ant
777 768 821 829 -ad
834 768 982 829 cautelam
1000 769 1041 831 ali-
1061 774 1080 848 ᾗ

106 847 308 928 “cujusmali
322 846 460 907 vitandi.”
1029 860 1032 865 ·
1062 850 1080 927 ἦ

146 928 291 1004 Quamvis
311 936 449 1004 parentes
468 945 528 985 nou
598 928 657 986 sint
672 927 742 1005 jure
761 927 949 987 incarcerare
967 927 1039 1000 filia
1061 931 1080 1006 j

105 1017 230 1089 possunt
243 1017 343 1066 tamen
356 1005 394 1064 ad
408 1014 525 1084 tompus
539 1007 548 1063 i
572 1025 605 1066 os
619 1006 700 1066 domi
714 1005 870 1067 recludere
890 1005 1039 1084 disciplina
1062 1041 1080 1086 ἦ

161 1088 213 1146 tiis.
1021 1100 1036 1135 ·.
1065 1090 1079 1102 '

104 1108 241 1235 galiota
252 1172 373 1242 peccata
385 1162 587 1233 mutilationis,
601 1163 826 1236 verberationis,
844 1164 1039 1231 incarceratio-
1063 1118 1080 1249 ς

103 1246 161 1316 nis,
182 1247 235 1304 dac.
248 1263 308 1303 non
321 1252 436 1301 tautum
455 1261 622 1321 repugnare
638 1243 784 1314 charitati,
806 1244 968 1304 sedetiam
986 1244 1040 1324 jus·
1063 1253 1072 1267 ”

105 1325 196 1393 titiam
217 1323 287 1401 quia
300 1341 353 1399 per
367 1341 403 1380 aa
414 1320 533 1380 laedit-ur
541 1319 602 1400 jus,
616 1323 697 1403 quod
710 1321 836 1401 quilibet
849 1322 1041 1397 habctlibard
1064 1277 1080 1408 ς

105 1406 223 1482 integre
236 1407 262 1462 dr
276 1402 340 1460 sine
354 1400 459 1459 doloro
472 1401 612 1461 membris
626 1402 686 1461 suis
699 1401 814 1462 utendi.
995 1464 998 1469 ,

145 1484 217 1543 Art.
230 1483 259 1540 t.
273 1478 380 1558 probat
395 1480 425 1540 S.
440 1479 547 1539 Thom.
560 1492 712 1557 peccatum
734 1480 903 1560 hujusmodi
918 1479 1040 1558 injuria·

104 1582 182 1632 rum,
206 1558 369 1629 occisionis,
390 1558 594 1628 mutilationis,
616 1559 866 1630 incarcerationis,
889 1566 942 1621 &a
964 1570 1039 1622 tauto
1070 1618 1077 1623 .

105 1641 238 1725 (catoris
259 1637 396 1718 paribus)
417 1638 538 1716 gravius
560 1656 634 1709 esse,
656 1639 768 1720 quautd
783 1639 923 1719 injuriam
936 1658 1040 1718 passm,

106 1722 155 1783 vel
167 1717 397 1799 propinquitatis
411 1717 458 1776 rel
478 1716 537 1776 alio
551 1736 736 1797 quocumque
749 1719 900 1779 societatis
915 1720 1042 1781 humana
1076 1749 1080 1752 ·

106 1799 224 1862 viuculo
238 1796 371 1877 pluribus
385 1805 432 1856 est
445 1797 634 1875 conjunctus;
654 1799 723 1879 quia
739 1796 855 1877 injuriat
869 1798 927 1860 illae
943 1798 1044 1860 rodun·

107 1880 179 1942 dant
192 1880 282 1939 etiam
296 1877 326 1935 iu
340 1876 441 1956 plures
454 1876 527 1935 istas
540 1896 704 1956 personas.x

137 2117 177 2178 N.
202 2115 266 2172 138.
307 2114 367 2172 DE
389 2114 533 2174 POENiS
554 2115 611 2175 ET
634 2115 1016 2179 OBLIGATIONIBUS

199 2192 527 2254 HOMICIDARUM
547 2195 605 2271 ET
625 2195 958 2262 MUTILANTIUM.
1034 2282 1038 2287 ἢ

109 2356 133 2417 1.
153 2354 252 2416 Poencc
263 2352 357 2411 ciuiles
370 2351 521 2422 homicidii,
557 2351 605 2411 ἸΙ.
627 2353 761 2425 scindit,
803 2349 863 2412 111.
881 2354 927 2414 Et
938 2356 1045 2415 mutila·
1079 2387 1080 2390 ¹

146 2436 239 2495 runa.
261 2432 317 2493 IV.
334 2432 432 2490 Poeaae
443 2431 662 2500 Ecclcsicrts'cae.⁴
696 2434 735 2494 V.
754 2433 953 2509 Obligationeo.
994 2436 1044 2496 vl.
1073 2471 1075 2474 ·

153 2513 375 2588 Qunaddamaa
387 2511 559 2590 apirr'tuaiia.
601 2512 674 2572 Vll.
694 2512 739 2571 Et
744 2513 919 2590 personalia.
1070 2532 1080 2553 ¹

147 2670 353 2746 QUAENAM
366 2677 436 2727 suut
448 2688 543 2747 poeuae
555 2669 730 2730 homicidii?

146 2751 172 2811 l.
194 2752 294 2810 Poenre
312 2748 413 2808 civiles
427 2759 597 2827 suntlmors,
611 2749 648 2809 ab
662 2750 779 2826 turpior
793 2751 819 2808 dc
832 2751 977 2822 acerbior,
991 2757 1040 2831 qud

103 2829 295 2891 homicidium
306 2828 426 2911 gravius
435 2827 493 2885 suit
503 2848 542 2886 ex
552 2839 637 2906 parte
648 2829 727 2889 modi
737 2829 784 2887 vel
795 2849 929 2907 personae
938 2832 1040 2891 occisa.
1074 2851 1080 2864 '

145 2908 188 2969 ΙΙ.
210 2908 346 2968 Moribus
359 2907 478 2976 nostris,
499 2908 542 2967 ait
557 2907 693 2986 Zypaeus,
708 2909 850 2968 cadauera
866 2930 979 2978 eorum,
1000 2912 1041 2990 qni

103 2986 161 3049 sibi
174 2998 300 3046 mortem
311 2987 485 3056 intulerunt,
498 2989 666 3064 agunturin
679 2989 801 3058 furcam,
815 2989 872 3050 nisi
886 3002 1042 3066 arguantur

103 3067 243 3147 phrenesi
263 3066 361 3143 aliqua
390 3066 478 3142 capti,
508 3076 560 3125 aut
580 3067 651 3126 satis
671 3068 779 3126 mentis
806 3081 959 3145 compotes
989 3090 1042 3129 nou
1071 3126 1075 3131 .

104 3146 205 3215 fnisse,
220 3144 347 3203 similive
360 3165 448 3202 causa
460 3145 568 3204 affecti.
1027 3192 1033 3203 .
1069 3148 1074 3153 '

146 3225 206 3285 111.
227 3223 418 3283 Mutilatores
431 3226 530 3301 puniri
551 3225 647 3284 solent
666 3223 776 3283 mulcta
789 3225 977 3303 pecuniaria3
996 3227 1043 3287 ali·

104 3304 232 3388 quandd,
245 3303 315 3361 dum
330 3303 439 3360 crimen
454 3316 500 3363 est
511 3323 640 3371 enorme,
655 3305 729 3362 &ex
742 3305 960 3366 machinatione
971 3326 1044 3367 com·

104 3386 236 3452 missum,
250 3381 486 3442 condemnantur
499 3383 536 3442 ad
550 3400 665 3460 poenam
681 3383 809 3443 talionis.

134 3463 202 3525 .1v.
231 3463 330 3520 Poenao
358 3460 572 3520 Ecclesiasticm
599 3472 702 3521 contra
729 3463 892 3524 homicidas
919 3474 1045 3537 statuta,

105 3551 174 3601 sunt
188 3540 390 3618 irregularitas
401 3559 439 3598 ex
453 3541 561 3601 delicto
576 3543 732 3620 persolum
748 3544 860 3622 Papam
874 3545 1046 3615 anferibilis‚

95 3627 131 3681 ,δι
154 3620 340 3715 quaudoque,
365 3618 416 3679 nbi
429 3621 537 3682 occisio
556 3620 666 3699 injusta
683 3643 742 3682 nou
761 3636 815 3695 est,
841 3625 1047 3704 irregularitas

106 3700 224 3779 deiectu
237 3699 378 3762 leuitatis.
