2160 4034
272 199 316 242 nu
336 198 576 242 cournaorraus
595 199 630 243 rn
650 198 767 242 eruore.
944 183 1004 243 069

49 313 147 360 uam:
169 301 376 361 “Contractus
398 302 535 361 mobatra
557 301 655 361 licitus
675 312 732 372 eet,
755 302 844 362 ctiam
865 313 1003 381 respectu

52 385 75 415 ‘⁸
89 378 229 458 ejusdem
251 400 395 459 peraouae,
419 383 447 439 dr
465 401 531 440 cum
552 391 705 440 contractu
726 383 1002 445 retro-venditiouia

52 463 75 495 “
89 460 204 537 praevie
218 459 293 519 inito
306 480 372 519 cum
385 460 552 519 intentione
564 460 664 519 lucri.''
843 512 846 519 .

102 537 233 612 Quidam
257 539 491 617 propositionem
518 540 685 598 damnatam
711 539 817 605 evitari
840 551 956 617 putant,
977 543 1004 601 ai

50 612 202 676 ineantur
224 618 273 676 isti
297 618 356 678 duo
380 629 549 677 contractus
563 617 600 677 ab
636 639 673 677 ue
687 638 733 688 eo,
753 617 833 696 qudd
853 619 1003 697 injiciatur

56 697 192 773 emptori
206 696 348 774 obligatio
367 698 566 766 revendendi;
586 717 623 755 ve
657 697 806 775 injiciatur
820 699 939 775 quidem
954 699 1005 760 illa

56 772 216 852 obligatio,
242 775 295 834 aed
315 776 460 834 intantdm
484 776 723 841 diminuaturde
744 777 842 855 pretio
865 777 895 835 in
905 779 1003 854 priori

56 854 242 924 venditione,
267 856 369 932 quanti
383 855 536 914 moraliter
548 848 712 914 estimatur
724 875 799 914 ouua
813 855 1003 934 obligationi·

50 931 191 1011 injectant
202 934 254 993 sed
265 934 420 993 dicendum
431 954 497 992 cum
504 934 1003 1012 Decimampropositionem,prout

54 1010 149 1088 jacet,
162 1013 358 1074 condemnare
378 1032 495 1092 semper
508 1024 690 1072 contractum
704 1012 848 1084 mobatra,
873 1015 1004 1091 quaudo.-

59 1111 187 1171 cumque
201 1092 292 1150 initur
306 1112 372 1150 cum
396 1104 550 1152 contractu
570 1092 814 1152 retro-vendendi
827 1112 894 1151 cum
909 1094 1004 1154 inten-

60 1170 144 1229 tione
156 1170 240 1230 lucri.

99 1249 152 1309 Ex
166 1248 213 1308 his
225 1249 342 1328 collige,
361 1271 400 1310 ex
414 1250 548 1330 pluribus
559 1248 757 1312 contractibus
778 1251 903 1311 seorsim
916 1251 1005 1311 licitia

59 1347 209 1407 exurgere
222 1349 309 1408 poseo
324 1350 413 1389 unum
428 1332 603 1400 usurarium,
630 1330 793 1409 presertim
808 1331 833 1390 ei
847 1330 948 1408 plures
961 1331 1005 1390 illi

61 1427 119 1466 non
131 1429 210 1479 casu,
231 1409 283 1467 aed
297 1428 336 1467 ex
350 1410 495 1468 industria
509 1411 534 1468 bo
548 1419 634 1488 pacto
649 1409 776 1490 quodam
790 1411 820 1468 in
836 1429 925 1468 unum
933 1410 1005 1489 jun,-

81 1498 183 1546 untur.

59 1505 79 1564 g
106 1568 152 1625 1⁰.
165 1567 285 1625 Dictum
301 1578 347 1628 est
361 1588 449 1647 supra
462 1589 470 1626 τ
491 1569 559 1627 dum
572 1566 617 1626 illi
629 1577 786 1626 watroctus
798 1570 1007 1628 inmaturam

58 1647 174 1716 codem
197 1647 342 1725 qoia'cum
357 1647 481 1707 diversis
502 1647 636 1724 personia
649 1647 713 1705 sine
726 1666 815 1706 usura
829 1646 939 1725 duplex
952 1647 1004 1708 ille

58 1735 230 1784 contractus
242 1727 312 1785 iniri
325 1737 433 1805 potest,
459 1725 571 1785 scilicet
584 1746 649 1785 cum
663 1746 722 1784 uua
742 1736 909 1786 contractus
922 1746 1004 1805 emp·

54 1804 161 1875 tionis,
174 1811 279 1865 &cum
293 1807 387 1867 altera
400 1805 590 1865 venditionis.
921 1822 924 1827 ·
958 1879 963 1887 Ι

99 1886 149 1942 2⁰.
170 1883 292 1943 Dictum
306 1897 352 1945 eat
364 1887 398 1944 dc
411 1887 574 1954 induam,-
597 1883 666 1962 quia
679 1883 749 1943 dum
770 1885 851 1943 mere
865 1886 1004 1963 peracci-

58 1962 134 2021 dena
148 1964 174 2021 dr
188 1962 305 2023 diverso
327 1976 462 2043 tempore
482 1984 548 2021 cum
563 1965 666 2022 eadem
688 1983 814 2042 persona
836 1975 1004 2023 contractus

59 2041 103 2100 illi
118 2043 267 2112 ineuntur,
282 2064 371 2103 usura
380 2042 417 2103 ab
431 2043 489 2103 illie
502 2040 606 2103 abesse
620 2053 729 2121 potest.

101 2122 153 2181 An
167 2121 237 2180 licet
261 2143 360 2183 emere
383 2142 445 2181 rem
461 2142 526 2181 cum
548 2132 644 2200 pacto,
667 2133 702 2182 ut
715 2121 854 2182 venditor
879 2121 1003 2183 illumin

54 2201 187 2280 gratiam
201 2202 344 2278 emptoria
357 2202 504 2262 redimere
516 2203 678 2261 teneatur?

100 2281 158 2341 lv.
178 2281 217 2340 R„
238 2281 393 2352 Daelnran,
414 2279 544 2341 Billuart
562 2280 672 2358 aliique
686 2280 797 2349 dicunt,
818 2290 1003 2339 contractum

57 2359 142 2419 illum
156 2359 187 2417 in
201 2379 270 2418 casu
284 2361 411 2438 quodam
426 2356 627 2439 metaphysico
642 2378 728 2436 pocae
743 2378 807 2418 ease
820 2357 953 2429 licitum;
971 2370 1002 2419 at

58 2459 126 2499 asae
138 2439 266 2499 maximb
278 2440 485 2517 periculosum,
501 2458 556 2497 nec
575 2438 606 2496 iu
619 2438 705 2516 praxi
719 2437 945 2497 admittendum.

100 2520 141 2581 V·
161 2519 254 2578 Ratio
267 2529 321 2590 eat,
337 2519 419 2597 qubd
433 2518 487 2577 aab
500 2516 553 2577 tali
567 2527 719 2576 contractu
729 2517 825 2575 omnia
837 2517 901 2575 fere
915 2536 1005 2576 usura

58 2607 163 2677 poeaet
177 2598 308 2675 palliari:
329 2600 371 2657 sic
385 2618 412 2657 r.
426 2618 455 2676 g.
470 2598 495 2657 si
508 2598 641 2660 doannea
661 2606 741 2655 emat
760 2597 779 2654 a
793 2597 885 2655 Petro
898 2615 1003 2673 agrum

61 2680 139 2737 1000
151 2677 281 2747 florenis,
292 2684 317 2737 dl
330 2680 453 2737 Petrum
467 2676 556 2736 babet
570 2675 741 2752 obligatum,
755 2685 790 2733 ut
800 2685 867 2753 poet
880 2678 1003 2735 danaos

58 2756 190 2817 redimat
202 2758 328 2817 eundem
342 2776 446 2834 agrum
459 2757 560 2815 refuso
573 2757 681 2834 pretio,
700 2756 868 2818 &Joaunca
881 2755 1003 2814 iuterim

58 2839 175 2897 fructus
189 2837 351 2915 percipiat3
370 2836 559 2895 manifestum
574 2844 629 2905 est,
651 2833 708 2893 boc
722 2854 780 2894 non
794 2852 859 2893 ease
873 2833 929 2892 nisi
943 2835 1002 2893 vir·

60 2915 143 2977 tcalc
163 2926 297 2975 mutuum
319 2916 503 2985 usurarium
532 2920 558 2973 dr
576 2913 691 2973 fructus
711 2932 776 2973 case
796 2933 851 2992 pro
871 2914 1003 2973 auctario

61 2994 162 3056 sortis.
878 3044 881 3051 .

101 3074 164 3136 sub
178 3075 268 3135 certia
281 3084 380 3134 tamen
402 3071 619 3134 conditionibus
643 3082 810 3133 contractus
832 3071 881 3131 bic
901 3082 1004 3150 posset

61 3173 127 3215 eaae
139 3153 247 3224 licitus,
272 3155 339 3213 edm
363 3155 402 3213 ait
415 3154 479 3213 reri
501 3152 628 3212 nominis
649 3151 916 3230 emptio-venditio,
943 3152 1005 3227 quia

60 3244 179 3311 emptor
193 3233 319 3310 acquirit
341 3232 504 3292 dominium
516 3232 570 3302 rei,
583 3230 706 3324 ejusque
727 3232 890 3310 periculum
904 3228 1004 3288 subit:

60 3312 194 3373 aad-cum
209 3312 359 3390 injiciatur
372 3332 446 3374 ouua
461 3311 616 3379 venditort,
640 3310 763 3371 deberet
776 3308 849 3369 iilud
862 3308 899 3367 ab
913 3327 1004 3385 emp·

60 3403 129 3453 tore
138 3391 331 3470 compensari,
343 3392 415 3450 item
423 3390 588 3468 redemptio
596 3389 746 3469 adaequari
757 3388 849 3447 valori
860 3389 903 3445 rei
914 3398 1006 3465 prout

56 3484 128 3531 tuuc
137 3472 210 3538 erit;
237 3471 308 3529 item
317 3471 441 3531 deberet
450 3480 567 3547 emptor
579 3488 639 3528 non
649 3467 803 3528 intendero
812 3467 936 3536 lucrum,
950 3464 1005 3525 aad

59 3550 176 3609 fructus
189 3561 346 3629 perceptos
360 3559 531 3628 computare
542 3549 573 3607 iu
588 3556 703 3626 partem
722 3545 876 3606 solutionis
896 3545 1012 3623 facieu7
1027 3594 1039 3656 p

61 3631 117 3701 de,
131 3635 183 3689 dc.
195 3630 370 3710 quaomnia
381 3648 442 3691 non
456 3629 515 3689 aiei
530 3628 561 3691 ia
570 3646 641 3689 catu
659 3626 862 3706 metaphysica
875 3622 1010 3704 practici

60 3707 307 3770 observabuntur.
584 3708 588 3717 '
698 3744 707 3779 ·.
969 3746 999 3785 ru
