2182 4036
95 174 152 236 182
470 184 664 233 ranorum
693 219 698 227 .

86 292 256 356 immediate
277 312 316 354 ex
335 291 458 354 alterins
471 292 594 353 crimine
606 299 756 375 coquatur,
771 291 817 355 id
829 300 891 367 eet,
915 301 950 355 nt
969 293 976 310 ⁸

88 374 285 435 criminoritae
298 373 413 433 occulta
427 372 467 431 rit
479 373 584 433 nociva
596 372 645 432 vel
655 371 799 433 nocitura.
855 416 859 423 -

127 457 175 513 20.
196 452 240 514 Ut
252 453 463 513 detrimentum
483 471 543 512 non
564 451 659 529 poenit
672 451 759 511 aliter
772 450 923 531 impediri,
942 453 967 513 a

71 533 303 600 ,revelationem
317 531 479 610 prudenter
491 531 692 610 praevideatur
704 530 940 609 impediendam.

126 615 176 673 80.
197 612 241 673 Ut
257 610 352 671 bonna
365 611 498 682 effectus,
521 629 575 670 aen
588 610 708 682 malam,
728 610 809 688 quod
822 611 868 671 rio
880 611 1009 673 avertitrr

87 689 1008 851 irretireroperatricem&'

166 812 175 831 ⁸
695 834 699 841 .
807 810 817 839 ί

89 847 772 1006 Ἢἓῖἶηὲἶὲῗῖῖῗέῖὲῗὲἣῗῖαωοηῑω,
783 925 856 987 oet
869 948 958 989 een

87 1008 227 1087 steyaert
236 1007 367 1088 aliosque
380 1007 576 1067 communiter
588 1026 710 1067 monere
722 1007 977 1082 patrem-familiar

84 1087 241 1163 feracitate
264 1086 367 1147 aliisve
388 1086 471 1146 vitiis
493 1085 597 1145 famuli
611 1088 637 1146 a
651 1085 763 1145 aneilla
786 1086 999 1167 vergentibar'

85 1166 223 1228 damnum
237 1166 390 1245 spirituale
404 1165 452 1225 vel
466 1164 633 1244 temporale
645 1165 774 1224 familia.

125 1246 202 1306 Item
216 1245 258 1304 aio
271 1245 342 1304 licet
351 1244 483 1305 indicare
494 1245 600 1323 puella
614 1244 729 1304 occulta
741 1245 816 1305 vitia
823 1245 956 1324 juvenis,
967 1254 994 1306 ct

84 1344 236 1395 macerae,
250 1324 276 1383 ei
289 1325 359 1385 inde
371 1324 476 1404 grevia
487 1324 566 1383 mela
578 1325 761 1393 immineant,
775 1344 847 1385 caan
860 1345 921 1407 quo

84 1405 215 1498 monium
229 1404 355 1476 ineatur,
381 1404 530 1483 praecipue
550 1404 577 1463 ri
596 1403 636 1463 eit
648 1403 813 1483 periculum
832 1404 904 1464 darn
956 1404 963 1419 ’
995 1402 1003 1419 ⁸

84 1502 258 1544 animarum.

123 1563 172 1622 Sic
186 1563 282 1623 etiam·
295 1562 365 1623 licet
387 1581 508 1625 monere
532 1562 669 1643 aliquem,
695 1571 730 1623 nt
749 1560 826 1623 vitet
847 1562 1016 1624 conwrtiu

80 1643 214 1723 perversi
228 1642 373 1713 hominie;
393 1662 431 1703 ne
445 1643 508 1721 ipse
521 1653 717 1721 pervertatur,
738 1644 784 1702 uti
805 1643 883 1702 iecit
894 1641 1016 1709 cnseo·

81 1721 272 1783 manifestans
285 1722 466 1801 hypocrisim
478 1720 696 1784 Phariaeornm
705 1721 901 1782 adcantelam
910 1741 948 1782 an
967 1720 975 1737 ⁰

80 1802 166 1862 tium.
1012 1850 1016 1859 .

120 1882 240 1941 Pariter
252 1882 278 1940 ei
292 1881 359 1960 qnia
372 1890 403 1940 te
416 1881 491 1942 falso
505 1881 638 1952 infamet,
665 1879 715 1940 rel
735 1881 765 1939 in
772 1878 1030 1973 ‘judicienccnartq

79 1958 162 2019 licite
176 1960 291 2038 detegis
305 1961 370 2038 ejus
383 1961 498 2021 occulta
511 1961 702 2021 mendacia&
715 1960 858 2040 perjuria,
873 1970 909 2020 nt
921 1959 1030 2039 proter

80 2057 149 2098 eum
159 2057 224 2098 esee
237 2039 487 2112 calumniatorem,
507 2040 656 2178 fidempne
669 2060 728 2100 non
750 2059 816 2100 eane
829 2039 1030 2101 adhibenda.

80 2115 145 2194 ejna
158 2116 264 2177 dictis:
295 2138 354 2178 non
367 2130 454 2198 potae
478 2130 577 2179 tamen
622 2120 649 2179 ia
662 2119 727 2198 ejus
745 2118 871 2179 crimina
883 2119 1017 2189 revelare,

77 2196 124 2255 nti
137 2195 223 2255 multi
235 2199 323 2258 nimis
336 2198 404 2258 laxe
414 2199 589 2269 docuerunt,
603 2198 641 2258 de
655 2197 761 2278 quibua
777 2199 919 2277 Steyeert
930 2199 963 2257 in
972 2216 1017 2277 rp-

77 2274 251 2355 pendice'ad
262 2277 405 2355 Wiggers
416 2278 492 2338 Tom
504 2279 530 2336 1.
543 2278 621 2337 ratio
631 2290 686 2348 eat,
697 2277 777 2356 quod
787 2296 845 2337 non
857 2277 926 2356 plna
935 2277 1020 2338 licut

76 2354 277 2425 manifestare,
306 2376 393 2435 quam
413 2357 611 2415 neceesarium
626 2366 672 2416 eet
685 2357 724 2416 ed
737 2355 928 2433 impedienda
940 2356 1015 2427 malr,

76 2442 112 2492 nt
131 2454 220 2513 cupra
240 2435 431 2495 dictumest:
452 2436 521 2494 hinc
534 2435 644 2495 crimen
658 2435 706 2496 vel
720 2435 869 2495 defectam
889 2436 1016 2497 revelare

73 2514 222 2586 nonlicet,
235 2514 261 2573 ci
274 2515 361 2574 aliter
373 2514 482 2574 malum
494 2525 631 2574 avertere
643 2515 748 2593 poesis,
762 2534 790 2573 v.
804 2534 835 2593 g.
848 2514 1014 2593 simplieittt

76 2593 210 2664 dicendo,
222 2594 319 2677 „talem
330 2613 395 2653 cese
408 2594 572 2673 indignum,
584 2594 725 2673 ineptum,
737 2595 788 2651 &a
799 2593 848 2652 vel
858 2595 950 2653 etiam
963 2593 1013 2655 dir·

74 2673 235 2742 suadendo,
248 2693 287 2732 ne
300 2673 368 2732 talia
378 2672 414 2732 ed
429 2673 565 2742 officium,
580 2673 768 2742 beneficium,
781 2674 834 2731 &a
844 2682 1011 2735 assumatur.

114 2751 1011 2832 Analiquendoeetpraeceptumrevelareoeculteinfamantiei

117 2828 160 2888 X.
173 2831 212 2891 R.
226 2831 343 2891 Affirm.
353 2832 501 2910 praecipue
516 2831 546 2889 in
556 2831 603 2890 hie
618 2831 741 2890 casibus.
765 2834 810 2889 10.
822 2831 905 2892 Dum
915 2830 1012 2913 aliquit

75 2930 115 2970 ex
132 2909 227 2969 officio
241 2911 289 2968 vel
302 2919 451 2990 praecepto
465 2910 628 2990 superioria
641 2910 816 2971 denuntiare
836 2920 966 2983 tenetur,
983 2918 1012 2970 nt

75 2989 113 3049 de
124 2989 501 3050 Conferearioeolicitante.

111 3071 160 3127 20.
173 3068 254 3128 Dnm
265 3070 376 3129 crimen
385 3069 484 3148 vergit
494 3069 524 3128 in
534 3067 744 3129 detrimentum
754 3067 833 3141 fidei,
848 3068 1010 3149 Religioni·

76 3157 129 3208 ant
143 3147 336 3227 Reipublicae.

110 3228 251 3367 82·le
259 3227 358 3306 vergit
368 3227 398 3286 in
408 3227 546 3288 damnem
556 3227 710 3307 spirituale
719 3225 1008 3310 ipeiuadelinqnentia

72 3315 124 3367 ant
167 3307 269 3367 terina.

109 3388 158 3445 4⁰.
179 3386 260 3446 Dum
271 3386 380 3444 crimen
396 3387 474 3446 cedit
484 3387 514 3446 in
525 3386 664 3446 damnum
672 3387 763 3447 etiem
773 3386 891 3447 tannim
899 3398 1007 3466 tempo·

72 3465 135 3525 raia
149 3465 315 3525 innocentie
329 3464 638 3546 notabiliter-gravina,
649 3487 736 3546 qnam
747 3465 866 3546 jactura
875 3468 970 3527 fama.

109 3545 238 3605 Attendi
257 3554 357 3604 tamen
371 3543 481 3604 debent
494 3545 680 3606 conditiones
694 3566 783 3626 cupra
795 3546 912 3626 poeitae,
938 3546 1004 3608 item

70 3622 255 3685 conditioner
275 3625 416 3703 precepti
431 3624 626 3704 correptionis
645 3626 795 3697 fraterna,
817 3628 965 3707 precipue
977 3636 1006 3684 ut

60 3701 432 3783 rinegrariincommodo
445 3705 827 3789 propriorereiarepomit.
874 3700 877 3709 '
