2160 4034
337 151 381 193 nn
400 150 482 195 rone
501 150 543 195 an·
562 152 717 197 susurru.
945 139 1003 205 211

83 254 667 335 Quodpoeeitfugeraprobatnroxeo,
681 256 762 339 qnod
853 257 1000 319 sitmedi·

49 335 145 395 rmed
153 335 245 394 vitam
256 334 442 395 servandum:
453 335 577 397 nimium
587 347 687 398 autem
695 347 783 397 uetur
814 336 997 399 iiuelinatio·

49 416 275 493 rirepugrrarot,
285 414 311 473 si
321 414 381 473 tels
393 415 523 477 medium
535 416 678 479 edbibere
686 436 747 477 uon
755 416 877 479 liceret:
890 416 994 477 &bino

49 493 164 575 quidam
187 494 368 564 existimant,
390 514 458 553 eum
478 495 517 555 ed
537 495 594 556 hoc
614 496 703 557 etiam
723 516 812 574 posse
832 495 991 575 effringere

49 592 195 637 merem
208 579 234 633 dr
247 573 374 633 vineola.
692 620 695 625 .

82 653 206 713 tluicida
218 672 279 713 uon
295 661 460 731 reputatur,
480 653 532 731 qui
552 673 585 714 se
605 654 728 715 interire
748 653 829 725 sinit,
847 654 919 733 quin
930 674 992 715 non

49 742 145 810 potest
166 734 259 791 vitem
286 732 345 793 nisi
365 731 477 793 mediis
497 734 742 794 extraordinariis
762 753 891 804 servare,
912 753 941 793 v.
960 752 992 826 g.

49 812 266 889 pretiosissimis
274 811 505 883 medicamentis,
517 813 702 890 gravissimis
709 812 872 884 doloribus,
885 819 938 874 &c-
950 832 993 871 src

49 890 131 949 ctiam
147 890 290 949 Mouialis
303 911 363 949 uon
376 900 495 950 tenetur
505 893 588 952 exire
599 891 737 964 claustro,
751 903 785 951 ut
798 912 854 971 pro
867 890 994 953 sanitate

49 967 207 1031 obtinenda
219 972 319 1029 adrem
333 978 440 1029 mutet.

78 1048 132 1111 Au
157 1049 371 1109 carthusianus
391 1058 530 1109 teneatur
552 1048 703 1111 abstinere
725 1049 763 1111 ab
784 1070 838 1115 eeu
855 1049 992 1113 earnium

50 1146 108 1185 cum
121 1127 256 1205 periculo
272 1128 350 1197 vitae,
369 1127 438 1186 vide
451 1128 615 1199 resolutum
629 1130 670 1189 N.
682 1132 732 1188 46.
750 1137 770 1168 ‘⁶
781 1129 819 1191 de
833 1128 992 1207 Logibns'*

83 1207 167 1282 Quid
175 1206 332 1267 dicendum
343 1207 382 1267 sit
392 1206 429 1265 de
438 1206 517 1269 facto
529 1208 690 1281 samsonis,
700 1208 836 1271 Eleuari
844 1214 872 1268 ἁ
880 1209 990 1280 Rois,

51 1285 111 1347 ride
127 1287 273 1349 Deelman
288 1288 348 1346 td.
359 1308 389 1366 q.
398 1287 428 1345 t.
439 1286 556 1348 observ.
571 1290 618 1347 11.

162 1420 168 1425 ⁸
263 1464 303 1524 rr.
326 1467 392 1523 rer.
433 1465 494 1525 ou
520 1464 776 1527 nourcrmo.
896 1504 900 1513 .

295 1584 330 1645 S.
359 1580 456 1645 ibam.
477 1586 505 1643 2.
527 1584 555 1643 2.
574 1594 671 1663 qaoeot.
692 1586 740 1643 64.

49 1700 287 1764 tammum.
320 1702 362 1762 ΙΙ.
375 1702 771 1764 Immionulioliootoocidcve.
806 1704 989 1767 Ill-Smne

183 1784 388 1861 preceptione
404 1783 529 1842 occides.
572 1784 628 1844 IV.
647 1783 842 1862 Eropum

84 1901 197 1977 QUID
211 1912 258 1962 est
271 1900 498 1961 Homicidium?

83 1982 107 2041 l.
128 1982 169 2041 R.
189 1982 247 2041 Est
261 1980 427 2041 voluntaria
440 1986 466 2039 dr
479 1978 592 2058 injusta
612 1980 739 2039 bominis
760 1979 878 2040 occisio.
914 1976 994 2044 'Pro-

49 2060 163 2121 hibetur
186 2071 251 2121 tum
265 2060 336 2141 jure
356 2059 494 2132 naturali,
519 2070 584 2118 tum
600 2060 730 2139 positivo
748 2058 868 2120 divino:
889 2068 908 2100 “
922 2063 993 2124 Non

49 2139 222 2201 “occidua''

81 2221 133 2280 An
154 2229 305 2314 precepto
324 2228 342 2258 “
354 2219 425 2279 Non
439 2218 571 2278 ooeides”
589 2218 679 2278 etiam
692 2217 870 2297 prohibetur
882 2221 991 2282 ocolsio

49 2298 214 2359 raimalrum
228 2298 465 2360 irrationalimni

82 2379 126 2439 ΙΙ.
148 2379 187 2439 R.
207 2379 371 2456 Negativb:
393 2380 477 2437 Deus
496 2377 574 2437 enim
595 2376 670 2439 Gen.
684 2394 747 2454 cap.
761 2378 792 2436 9.
803 2377 835 2435 id
848 2382 991 2456 expresso

49 2459 204 2597 cogrceesit:
226 2468 243 2497 “
257 2459 356 2519 Omne
379 2458 460 2538 quod
480 2466 618 2519 movetur
639 2462 665 2515 δι
685 2456 768 2528 vivit,
789 2456 848 2516 orit
861 2458 946 2519 vobis
960 2461 992 2518 irr

49 2558 72 2599 cr
91 2536 172 2599 um.”
782 2540 785 2547 '

81 2616 180 2678 Notat
194 2626 292 2677 temen
308 2618 338 2678 S.
353 2616 461 2678 Thorn.
472 2615 553 2710 qubd
566 2613 704 2674 animalia
715 2613 875 2674 occidendo
887 2616 991 2681 crude-

49 2694 113 2757 liter
127 2698 330 2756 committatur
338 2696 472 2777 quiedam
483 2695 680 2764 inordinatim
699 2713 768 2752 uam
781 2692 919 2755 animalia
932 2715 993 2755 non

49 2775 212 2835 crudelitati
226 2787 344 2847 nostrae,
359 2775 412 2836 sed
425 2774 492 2835 usui
507 2785 575 2835 surrt
585 2774 697 2835 relicta.
738 2772 825 2835 Hanc
835 2774 994 2835 erudelita-

49 2866 104 2915 tem
125 2859 216 2914 etiam
237 2856 413 2915 condemnat
429 2854 582 2933 Scriptura
601 2855 690 2915 Sacra
709 2844 993 2934 Proverb.cap.12.

49 2944 64 2973 ‘¹
76 2934 278 3014 Novitjeetus
284 2935 488 3014 jumentorum
498 2953 618 2994 suorum
628 2932 754 2991 animas:
769 2932 883 2993 viscera
892 2944 994 3001 autem

49 3014 237 3095 “impiorum
252 3015 408 3075 crudelie.”
940 3014 944 3021 ’

82 3094 133 3153 A-vr
148 3114 217 3155 esus
231 3096 362 3154 carnium
374 3093 467 3153 fuerit
483 3092 582 3151 licitus
599 3098 668 3151 ante
686 3090 840 3163 diluvium,
860 3090 992 3187 disputa·

50 3182 110 3232 tur:
133 3174 254 3252 Sylvius
268 3173 420 3232 existimat
441 3192 508 3231 eum
529 3172 620 3231 fuisse
642 3168 767 3243 licitum,
791 3170 992 3251 religiosiores

51 3263 144 3317 nmen
159 3254 196 3313 eb
211 3273 247 3313 eo
262 3252 447 3311 abstinuisse.

82 3332 133 3393 Ex
154 3332 212 3391 lica
246 3342 404 3411 susceptum
419 3340 437 3368 “
449 3330 520 3391 Non
534 3327 678 3389 occides.”

85 3410 118 3473 ll
136 3454 145 3471 .
167 3410 206 3475 R·
224 3353 284 3471 illo
301 3420 450 3490 praecepto
469 3430 529 3469 non
549 3408 665 3467 tantulus
682 3404 857 3487 prohibetur
870 3406 992 3469 homici-

51 3492 135 3562 dium,
158 3489 315 3549 sedetiam
329 3490 485 3558 mutilatio,
506 3485 683 3559 vulneratio,
705 3486 880 3555 verberatio,
902 3490 993 3551 dra&

51 3570 190 3651 quidquid
204 3561 338 3629 ordinem
354 3569 425 3628 dicit
439 3568 477 3627 ad
489 3568 640 3627 laesionem
653 3586 787 3647 perronae
800 3565 940 3643 proximi.

86 3648 236 3711 indirecte
249 3648 419 3729 precipitur
433 3647 639 3784 mansusetodo,
652 3642 806 3729 patientia,
826 3644 994 3731 concordia,
1052 3666 1054 3673 ·

494 3744 508 3786 s
