2160 4034
35 39 42 73 l

335 127 378 168 ua
398 126 480 168 suaa
500 124 542 167 ar
562 124 717 169 rosulum.
952 110 1007 169 14⁵

10 262 39 300 m
84 226 113 287 Ι.
135 228 179 289 R.
201 229 370 289 Dicendum
378 230 498 290 videtur
508 248 574 289 cum
586 229 735 288 communi
744 229 892 289 sententia
904 241 1008 290 contra

10 327 13 369 i
50 324 173 445 paucos,
184 309 264 387 quod
276 310 492 380 confessarius,
505 311 569 368 sive
580 329 619 368 ex
629 311 725 368 officio
736 330 837 368 curam
846 311 1010 369 animarum

40 442 43 449 .
67 386 161 446 abeat
189 398 224 447 ut
237 389 404 469 Episcopus
419 393 444 448 dt
457 389 624 468 Parocbus)
639 390 702 447 sive
717 408 785 460 non,
801 390 864 448 eive
877 390 1009 468 inculpa·

10 486 41 549 ᾖ
52 465 159 525 biliter
171 468 214 527 ob
232 468 480 528 inadvertentiam
496 468 543 527 vel
557 469 737 527 oblivionem
751 470 927 539 naturalem,
947 470 1010 528 sive

16 543 245 629 „culpabatur
258 547 295 607 ob
310 550 508 626 ignorantiam
532 566 660 607 crassam
674 549 722 607 vel
736 549 902 607 affectatam
917 550 1010 626 poeni-

26 632 167 685 tentem
177 647 300 687 mouere
309 629 439 699 omittat,
448 639 585 687 teneatur
596 639 709 706 postea,
721 628 745 685 si
756 629 1009 706 opportunitatem

10 718 19 786 J
39 702 173 775 babeat,
196 718 314 766 servato
328 708 427 784 sigillo
442 708 656 776 sacramentali,
680 709 873 784 poeuitentem
887 726 1009 766 mouere

10 810 12 837 ε
38 782 249 863 obligationis
262 788 476 856 restitutionis;
498 788 549 846 sed
564 788 589 845 si
600 787 631 845 id
640 807 698 844 non
709 787 780 844 velit
790 786 837 843 vel
848 806 907 844 non
917 788 1011 864 possit

10 940 19 949 .
40 860 165 934 facere,
180 866 262 942 quod
276 866 344 924 ideo
358 886 417 926 non
427 875 566 926 teneatur
576 866 735 924 restituere
744 867 845 935 tertio,
856 866 1010 943 supposito

43 942 136 1019 quod
152 944 359 1004 confessarius
381 947 491 1005 “mera
502 945 653 1004 omiserit”
676 964 798 1004 mouere
815 947 1010 1022 poenitentem

47 1022 90 1081 de
103 1024 303 1083 restitutione
314 1025 458 1085 facienda.

15 1132 20 1171 5
90 1101 192 1161 Ratio
214 1114 269 1175 est,
291 1105 370 1181 quod
396 1104 611 1175 confessarius,
631 1123 686 1163 uec
710 1123 749 1161 ax
762 1104 867 1174 officio,
888 1123 948 1162 nex
972 1123 1011 1162 ex

58 1192 229 1253 contracto,
250 1203 304 1241 nec
318 1184 437 1242 aliunde
455 1195 592 1243 teneatur
613 1183 759 1261 impedire
772 1183 911 1241 damnum
926 1183 1012 1240 istius

55 1260 151 1332 tertii,
160 1263 210 1319 cui
221 1263 371 1322 restitutio
381 1263 482 1322 debita
491 1275 545 1333 est,
554 1270 579 1322 dr
590 1272 814 1341 consequenter,
822 1263 892 1321 dum
901 1262 1013 1321 omittit

55 1358 244 1401 mouerenon
255 1341 403 1420 violatjus
414 1343 589 1420 ipsius,cum
598 1341 858 1402 tautdmteneatur
868 1363 906 1401 ex
917 1341 1012 1400 officio

10 1416 14 1424 ¹
57 1438 220 1499 procurare
234 1420 342 1480 bonum
356 1422 512 1500 spirituale
525 1423 618 1500 ipsius
632 1421 814 1499 paenitentia.

10 1545 13 1555 .
95 1499 148 1558 An
163 1501 304 1582 equidem
317 1502 368 1561 ille
384 1503 589 1562 Confessarins
608 1520 668 1560 non
683 1510 803 1559 tenetur
821 1520 1013 1579 compensare

61 1578 167 1639 damae
186 1600 241 1640 suo
265 1582 431 1659 poeniteuti,
453 1583 478 1639 si
492 1582 556 1660 ipse
575 1600 613 1639 ex
627 1600 686 1640 non
700 1580 864 1639 monitione
878 1580 1013 1659 quadam

96 1660 219 1719 tiaturi

19 1734 27 1743 '
62 1676 137 1798 ΡΒ.
159 1738 293 1799 Videtur
314 1739 518 1798 affirmandum
543 1759 609 1798 eum
634 1738 780 1798 Daelman
794 1744 819 1797 ἃ
833 1739 918 1808 aliis3
944 1741 1014 1818 quia

64 1818 211 1899 punirem
234 1819 348 1878 accedit
370 1819 408 1877 ad
433 1819 664 1888 Confessarium
684 1829 719 1876 ut
742 1829 882 1895 procuret
904 1819 1014 1877 bonum

67 1896 218 1976 spirituale
229 1900 294 1957 siue
303 1899 485 1957 detrimento
495 1898 662 1977 temporali.
693 1898 762 1955 Hoc
770 1908 868 1956 tamen
882 1897 1016 1976 intellige

17 2004 23 2015 ·
68 1976 192 2045 bouso,
215 1978 267 2035 ubi
282 1978 488 2037 confessarius
502 1977 630 2037 tacendo
644 1976 760 2054 culpam
774 1978 943 2035 committit.
1043 2025 1047 2031 .

40 2066 44 2071 '
100 2056 144 2116 11.
167 2058 293 2116 Dictum
308 2068 354 2116 est
367 2078 473 2135 supra:
495 2068 514 2095 “
523 2059 553 2115 in
568 2058 732 2135 supposito,
754 2056 833 2134 quod
847 2059 929 2115 mere
943 2058 1016 2115 omi·

10 2132 36 2217 'w
70 2135 198 2207 “serit''
221 2138 272 2196 &a
306 2139 352 2194 10.
366 2138 446 2211 Quia
467 2137 492 2195 si
516 2137 663 2214 paenitens
680 2146 822 2213 tauquam
847 2135 953 2196 dubius
978 2136 1015 2195 de

10 2242 45 2295 πῃ
69 2216 256 2275 restitutione
269 2217 413 2287 facienda,
436 2216 657 2276 confessarium
680 2219 856 2292 interroget,
877 2227 908 2274 et
928 2216 954 2274 ie
975 2216 1018 2273 nil

10 2337 43 2374 [m
69 2295 254 2373 respoudeat,
278 2296 342 2373 ejus
366 2295 553 2354 taciturnitas
577 2294 764 2372 reputabitur
787 2295 941 2352 consilium
969 2295 1018 2353 vel

10 2397 17 2453 Ι
31 2396 46 2451 p
67 2392 225 2434 muscosus
236 2377 265 2433 in
277 2395 336 2433 non
347 2377 576 2444 restitutionem,
591 2375 725 2451 adeoque
739 2384 879 2452 tanquam
890 2374 1018 2451 positive

36 2477 41 2486 ·
66 2472 228 2532 cooperans
242 2455 280 2513 ad
291 2457 511 2513 restitutionem
525 2453 677 2513 tenebitur
688 2454 788 2512 tertio.

10 2572 40 2608 m
98 2534 164 2593 Ill.
186 2537 237 2593 20.
259 2535 378 2609 Quiasi
394 2534 598 2595 confessarius
613 2535 754 2610 expresse
769 2533 857 2601 dicat,
878 2552 938 2603 non
952 2550 1017 2591 esse

10 2631 37 2687 ‚a
64 2614 293 2683 ratituandum,
321 2615 428 2672 iterum
444 2624 583 2692 tanquam
598 2612 752 2671 consulens
766 2622 817 2669 aut
831 2611 1019 2671 consentiens

62 2693 334 2752 adrestitutionem
344 2694 513 2752 tenebitur:
535 2691 614 2751 unde
625 2690 713 2750 debet
723 2710 855 2749 errorem
867 2692 1020 2768 cognitum

62 2773 232 2841 dedocere3
253 2784 283 2832 et
297 2773 322 2831 si
336 2773 483 2850 paenitens
503 2773 618 2830 interea
632 2771 726 2828 factus
746 2770 786 2828 sit
810 2770 959 2848 impotens
982 2770 1021 2830 ad

61 2852 351 2932 restituendum,qui
361 2851 490 2931 alioquin
500 2851 690 2919 restituisset,
699 2850 1020 2927 teneturipseConfes-

10 2943 19 2993 t
62 2933 160 2991 sarius
171 2932 333 2990 restituere
343 2956 350 2999 ;
372 2931 441 3009 quia
452 2930 575 2988 consilio
584 2949 638 2987 suo
647 2940 694 2987 eet
703 2930 805 2987 efficax
815 2949 902 2988 causa
913 2930 1021 2988 damni.

10 3023 17 3079 ῐ
103 3011 225 3072 1V.a⁰.
236 3010 284 3071 Ob
293 3011 418 3070 eandem
424 3011 569 3068 rationem
575 3029 613 3067 ex
620 3008 1022 3086 justitiaobligaturssonfes·

61 3090 229 3168 sarius,qui
245 3091 440 3168 paenitentem
450 3087 637 3167 culpabiliter
648 3087 792 3165 obligavit
803 3089 843 3146 ad
854 3089 1018 3148 restitutio·

65 3189 145 3238 nem,
157 3171 198 3227 ad
212 3190 300 3248 quam
311 3190 369 3228 non
379 3167 545 3237 tenebatur,
560 3168 719 3226 efficaciter
729 3186 869 3226 revocare
878 3187 1020 3227 errorem.

106 3250 156 3307 4⁰.
181 3248 213 3308 si
228 3248 447 3327 inculpabiliter
468 3247 581 3306 dixerit
599 3246 821 3306 restitutionem
840 3266 898 3305 non
914 3246 1022 3305 debere

17 3330 22 3389 i
66 3327 131 3386 fieri
145 3326 199 3385 ubi
210 3326 383 3398 debebatur,
406 3330 431 3385 a
445 3326 555 3385 debere
568 3326 634 3384 fieri
647 3325 698 3384 ubi
711 3345 772 3384 uon
787 3325 957 3394 debebatur,
978 3335 1022 3384 te·

18 3416 24 3485 Ι
67 3416 157 3466 netur
166 3404 330 3485 exjustitia
340 3426 472 3465 errorem
483 3407 634 3484 cognitum
647 3405 805 3474 dedocere;
827 3407 1023 3483 quiatenetur

69 3506 188 3545 cansam
198 3486 298 3544 damni
309 3484 529 3564 inculpabiliter
538 3485 667 3562 positam
675 3504 826 3554 revocare,
841 3503 878 3542 ne
888 3484 961 3542 alias
971 3484 1023 3542 fiat

71 3586 158 3626 causa
172 3564 344 3644 culpabilis:
364 3585 424 3624 non
438 3577 536 3624 umen
548 3574 668 3626 tenetur
678 3565 815 3627 damnum
826 3562 941 3624 illatum
950 3573 1023 3624 aute

72 3648 226 3726 cognitum
234 3664 368 3708 errorem
380 3663 580 3727 compensare.
