2160 4034
73 156 136 215 elo
189 162 192 167 ·
373 178 379 187 ·
454 165 645 211 rascnsnus
682 184 686 191 ,
747 186 750 191 -

117 274 178 336 111.
198 270 402 333 Austeritatcs
421 276 523 329 tamen
535 269 739 331 immoderatos
752 266 822 330 siunt
835 268 950 330 illicita
960 278 1013 332 tan·

75 373 163 435 quam
178 351 306 412 hominis
316 350 459 423 ocoisirsc,
473 369 528 409 neo
542 369 670 429 anquam
685 348 743 409 illis
753 369 830 430 opus
840 360 887 410 est
900 349 940 410 ad
951 349 1014 413 linas

74 430 263 512 principales.
284 429 491 490 immoderato
504 439 603 489 autem
612 439 780 501 censentur,
788 428 844 489 sab
856 428 1016 511 quibusna-

75 525 144 572 tura
157 509 325 572 conservari
347 528 407 568 non
422 518 531 587 potest,
555 507 604 567 vel
617 508 707 569 bomo
726 509 875 586 impotens
888 508 1017 568 redditur

75 590 114 651 ad
135 589 236 652 debite
249 608 341 669 opera
352 587 542 666 peragenda:
562 596 722 647 et'tantum
736 588 830 659 abest,
843 596 879 646 ut
891 606 948 666 per
959 586 1016 649 illas

75 690 185 751 corpus
197 669 315 750 spiritui
328 666 511 805 subpiciatur,
521 666 592 748 quin
606 668 707 746 potius
717 666 907 746 impediatur,
916 685 954 727 ne
962 686 1016 751 prro

72 751 218 830 languore
230 747 376 828 spirituio
398 746 489 806 ediat.
712 756 715 761 “

114 827 289 890 Notandum
298 846 336 886 ex
348 826 402 886 SS.
415 824 555 905 Philippo
565 824 639 884 Ner.
648 833 680 884 et
690 825 850 884 Francisco
859 824 922 886 Sal.
931 780 1018 904 pluris

74 908 263 971 estimandos
273 906 350 975 illos,
376 905 428 986 qui
438 924 566 976 carnem,
580 904 704 963 rationis
721 904 926 964 moderamine
938 904 1018 964 casti·

74 998 180 1068 gauter
192 986 250 1047 toti
264 986 324 1044 siut
332 985 362 1043 in
370 983 523 1043 intellectu
534 983 708 1054 coercendo,
715 993 746 1042 et
753 983 909 1042 voluntate
918 983 1018 1042 suadi-

73 1068 151 1128 vinre
160 1064 342 1144 subjicienda
352 1072 384 1123 et
391 1062 610 1133 conformanda,
621 1082 708 1143 quam
719 1061 796 1132 illos,
807 1063 868 1145 qui,
884 1062 1018 1142 neglecti

72 1147 164 1207 animi
178 1145 258 1216 curi,
278 1143 375 1203 solum
387 1161 494 1221 corpus
507 1141 638 1220 affligere
652 1141 765 1205 rolant.

113 1229 162 1285 2⁰.
184 1225 220 1285 lu
243 1220 466 1284 austeritatibus
487 1220 681 1299 suscipiendis
695 1239 937 1302 unamquemque
950 1240 1018 1301 pen·

73 1305 145 1366 dere
169 1304 279 1364 debere
299 1303 318 1362 b
337 1311 411 1359 nutu
434 1311 465 1359 et
487 1301 650 1360 directione
673 1300 937 1371 Confessoriisui,
964 1320 1018 1360 nou

74 1385 211 1445 obstante
224 1383 408 1466 quiscumque
417 1380 539 1459 propriis
549 1380 769 1457 imaginatione,
782 1390 814 1440 et
829 1379 991 1457 uoluntate.

27 1534 30 1539 ¹
113 1464 170 1526 1v.·
191 1463 314 1537 Dictum
328 1470 376 1520 ast
394 1459 480 1520 initio
493 1459 585 1519 Num.
609 1469 627 1497 “
638 1458 708 1519 Nisi
718 1459 875 1535 ,sufficiens
887 1460 968 1520 rstio
981 1458 1018 1518 sic

72 1552 92 1619 ‘f
106 1543 215 1622 agendi
228 1540 307 1602 adsit
315 1539 339 1599 :”
359 1551 392 1599 et
405 1538 473 1599 binc
486 1558 546 1618 uon
559 1537 705 1618 culpandi,
719 1538 772 1599 sed
785 1538 947 1617 plurimum
960 1538 1018 1599 lau·

73 1622 163 1682 dandi
177 1631 246 1681 sunt
261 1620 369 1680 Pastor
391 1618 569 1678 ministrans·
579 1619 768 1678 Sacramenta
789 1628 876 1697 peste
903 1618 1017 1679 infectis

73 1721 141 1761 cum
162 1699 295 1780 periculo
318 1698 502 1769 infectionis,
523 1696 609 1757 miles
630 1712 752 1757 manens
765 1697 796 1757 ia
810 1699 942 1758 statione
955 1719 1016 1762 cum

71 1780 288 1860 periculositas
301 1776 460 1838 othonum
472 1790 636 1848 commune,
650 1778 702 1835 &o
1010 1812 1013 1817 .

114 1858 259 1920 Similiter
265 1877 324 1917 uon
334 1866 435 1934 peccat
447 1855 542 1927 miles,
556 1856 607 1950 qui
619 1856 734 1934 primm
746 1875 864 1916 murum
877 1858 1013 1931 ascendit,

72 1940 174 2016 iguem
180 1936 302 2031 pulveri
316 1935 511 2027 tormentario
525 1934 621 2028 injicit
633 1932 672 1994 ad
693 1935 884 1996 evertendam
905 1937 1012 2010 turrim,

71 2013 764 2189 esuss:institututi-
771 2095 824 2187 ,1
837 2093 867 2188 1,
882 2095 952 2189 ‚p

70 2194 153 2314 titt
159 2170 600 2330 {lassiaisseras
611 2181 1012 2325 trististristis

69 2333 140 2392 inde
149 2340 291 2411 sequatur
300 2330 406 2409 patrias
415 2327 548 2400 libertas,
562 2349 656 2401 secus,
669 2331 696 2389 si
710 2330 781 2390 inde
793 2351 852 2392 uon
867 2343 1012 2414 sequatur,

72 2433 110 2508 cx
116 2431 170 2551 teo,
184 2431 213 2471 v.
226 2431 256 2491 g.
270 2407 350 2490 qnod
363 2408 460 2468 adhuc
472 2408 573 2468 multus
586 2410 755 2507 alienares
769 2410 899 2471 hostium
913 2431 1010 2493 super·

70 2513 114 2553 srn

110 2569 281 2650 culpandus
303 2577 404 2628 tamen
417 2567 497 2628 foret
513 2567 565 2628 ille
584 2567 680 2639 miles,
708 2569 758 2647 qui
772 2570 802 2629 in
815 2570 939 2650 propria
951 2573 1015 2632 nasi

69 2670 192 2710 manens
206 2649 285 2709 idam
299 2648 421 2718 laceret,
441 2666 480 2707 ue
493 2648 557 2726 ipse
570 2667 637 2707 cum
650 2649 719 2707 uari
733 2650 834 2709 veniat
847 2652 877 2709 in
887 2661 1015 2729 potesta·

68 2740 128 2791 tem
148 2729 290 2789 hostium.

110 2809 171 2868 Pro
185 2809 302 2867 ratione
312 2807 361 2865 blc
371 2804 577 2885 applicandum
590 2805 766 2886 principium
782 2809 885 2875 S.,Th.
906 2808 1015 2869 “Dum

70 2896 89 2926 ‘⁴
98 2906 157 2946 una
166 2887 244 2946 actio
255 2885 345 2946 babet
355 2886 502 2963 duplicem
517 2886 681 2958 effectum,”
694 2893 746 2946 dre.
758 2888 797 2947 de
810 2907 869 2969 qao
882 2899 997 2967 postes.

108 2967 160 3028 An
174 2965 413 3026 condemnandus
436 2965 485 3025 vel
505 2965 716 3026 condemnatus
741 2977 840 3044 potest
862 2967 909 3028 vel
925 2967 1014 3029 debet

67 3048 100 3106 fu
140 3066 173 3106 re
187 3046 342 3115 dcarcere,
357 3043 382 3103 si
396 3045 491 3123 possit
501 3045 564 3105 siue
574 3045 737 3108 violentis?

100 3065 147 3187 ll.
168 3125 208 3185 R.
230 3123 262 3184 Si
276 3132 355 3183 esset
375 3123 525 3197 innocens,
552 3124 730 3203 regulariter
752 3126 875 3186 deberet
897 3126 1014 3204 fugere,

66 3206 125 3265 nisi
138 3203 218 3264 aliud
233 3201 358 3262 suadeat
370 3201 481 3264 bouum
494 3203 686 3282 Reipublicae,
701 3214 753 3264 aut
767 3206 951 3284 Religionis:
972 3207 1015 3266 sic

65 3286 166 3365 plures
179 3283 341 3361 Martyres,
354 3280 426 3343 licet
435 3282 562 3343 eradere
569 3292 700 3363 possent,
713 3285 744 3344 iu
755 3284 921 3344 carceribus
932 3305 1014 3345 man-

64 3373 176 3426 serunt.

106 3444 139 3505 Si
149 3461 220 3503 vero
229 3439 268 3501 sit
276 3458 354 3512 reus,
361 3439 484 3502 docetur
491 3441 695 3513 communiter,
701 3442 789 3504 talem
798 3462 886 3522 posse
896 3443 1013 3523 fugere,

65 3522 118 3583 sed
127 3532 226 3582 tamen
235 3519 273 3579 sd
282 3520 383 3598 fugam
393 3539 451 3578 non
461 3520 558 3579 teneri
570 3542 579 3580 s
592 3520 671 3602 quod
681 3542 740 3581 uon
751 3522 1012 3603 teneaturlagere,

61 3600 206 3681 probatur
216 3618 256 3661 ex
264 3618 310 3670 eor
323 3599 405 3681 quod
414 3618 495 3659 mors
508 3619 566 3660 non
582 3610 722 3679 sequatur
736 3621 774 3662 ex
787 3621 847 3661 non
860 3602 942 3681 faga,
956 3605 1012 3664 sed

61 3698 102 3739 ex
114 3680 236 3739 crimine
249 3678 407 3738 commisso
418 3699 427 3738 r
441 3679 578 3760 quinimd
600 3690 732 3759 putatur,
756 3700 840 3741 reum
853 3700 943 3760 posse
955 3685 1012 3744 aab

57 3768 168 3842 sponte
177 3778 209 3821 se
216 3757 314 3839 judici
327 3758 443 3833 sistere,
456 3771 491 3819 ut
504 3758 573 3820 Deo
587 3770 619 3821 et
631 3760 801 3841 reipublice
815 3762 989 3823 satisfaciat.
