2160 4034
1070 28 1076 105 l

104 180 169 245 ⁵184
463 182 467 189 “
509 195 698 239 rusernrns

109 319 243 381 operans,
264 298 337 378 pute
350 315 415 357 cnm
430 297 495 357 eliis
510 298 700 376 suffragando
713 296 851 357 electioni
864 296 992 374 indigni,
1012 297 1055 361 rel
1074 322 1076 367 ;

105 392 247 517 temptem
260 397 348 437 cause
367 396 538 470 epoperans,
559 397 588 435 v.
601 397 631 455 g.
651 378 676 436 si
697 385 784 454 puter
796 376 876 436 dicet
898 377 982 436 filios
1002 394 1053 456 per
1069 370 1076 411 ¹

107 479 157 520 me
182 468 240 519 ieet
254 467 288 516 ut
299 457 418 526 fureris,
439 459 491 515 &c
1049 454 1076 521 t!

147 538 203 599 IV.
224 538 391 597 (lensenses
405 535 462 593 hoc
475 534 634 613 posteriori
653 534 742 594 medo
756 531 936 612 regulariter
950 533 1054 604 infinit,
1071 536 1076 545 '

106 617 176 677 dum
191 616 241 674 ille
255 617 305 696 qui
320 615 477 683 consentit,
488 625 535 674 est
543 615 679 692 superior
692 625 808 692 potens,
819 623 871 671 cut
881 615 928 671 vir
942 632 1057 691 magne

105 696 303 765 authoritatis,
325 714 378 754 seu
391 694 557 772 generatim
571 693 647 764 telis,
669 692 752 772 cujus
764 692 913 752 dissensus
927 693 1061 752 alterurn·

107 773 350 836 edamnificendo
365 773 567 832 deterruisset.

145 856 195 915 De
208 854 302 933 priori
317 852 457 911 induendi
472 852 561 911 modo
576 851 738 930 queritur:

126 932 197 993 'An
224 933 290 1027 quis
317 952 371 1011 per
395 950 479 990 snum
508 931 691 1008 suffragium,
720 930 942 1001 consentiendo,
970 924 1000 988 ν’.
1024 948 1053 1007 g.

107 1013 245 1074 electioni
257 1006 374 1089 indigni
385 1011 423 1069 ed
437 1009 572 1079 officium,
589 1010 772 1077 beneficium,
792 1019 931 1069 teneatur
945 1009 984 1067 sd
994 1027 1055 1067 res-
1074 1044 1076 1053 ·

105 1093 286 1160 titutionem,
307 1091 377 1149 dum
391 1092 455 1148 sine
469 1086 533 1166 ejus
547 1089 688 1168 suffragio
703 1089 841 1170 equidem
854 1108 909 1167 per
929 1088 1054 1149 eliorum
1066 1094 1076 1135 ¹

106 1172 248 1248 suffragia
262 1169 401 1247 indignus
411 1169 523 1227 electus
537 1179 568 1227 et
580 1178 735 1246 promotus
752 1169 856 1227 fuisset
868 1170 883 1227 P
1059 1172 1076 1211 ‘²

144 1249 184 1311 V.
205 1251 244 1308 R.
272 1249 393 1308 Certum
418 1258 464 1305 est
493 1250 538 1304 10.
561 1247 649 1321 Quod
676 1248 808 1306 talis'ed
834 1246 1076 1307 restitutionem=⁵

103 1340 250 1399 teneatur,
272 1329 297 1407 si
311 1327 394 1386 valor
408 1326 560 1386 electionis
574 1327 740 1407 requireret
754 1325 885 1386 omnium
895 1308 1076 1406 suffragiu-l

104 1409 175 1489 quia
188 1418 258 1466 tunc
272 1407 380 1484 singuli
395 1425 512 1465 causam
523 1405 621 1464 damni
635 1404 777 1484 prebent.
1059 1407 1072 1483 ξ

145 1490 192 1546 20.
215 1487 290 1546 ltem
304 1487 342 1544 cd
357 1487 575 1544 restitutionem
590 1495 718 1554 tenetur,
739 1485 765 1543 si
779 1485 952 1562 suffragium
967 1486 1076 1559 sunm?

104 1567 231 1635 dederit,
252 1575 408 1642 antequem
433 1574 533 1622 essent
556 1565 730 1624 sufficientia
753 1565 894 1643 suffragiu
915 1562 1076 1641 datepre!

104 1646 250 1706 electione
264 1644 389 1722 indigni,
403 1644 460 1702 etsi
474 1654 556 1702 certo
570 1645 668 1714 sciret,
677 1643 751 1702 elios
761 1643 936 1702 sufficientis
948 1642 1047 1702 suffra·¹
1064 1645 1076 1715 l

104 1724 156 1804 gie
165 1744 220 1804 pro
234 1724 357 1802 indigno
371 1723 508 1792 detnr0s3
529 1724 599 1801 qnia
609 1733 643 1780 nt
656 1723 768 1782 dictum
779 1735 824 1782 est
834 1723 925 1782 Num.
939 1724 989 1779 49.
1002 1722 1076 1799 quin

102 1805 249 1883 praevenit
272 1802 547 1872 damnificetionem,
588 1803 677 1861 etiarn
706 1804 849 1879 prevenit
875 1800 1076 1862 restituendi¹

105 1883 327 1960 obligationem.
1066 1884 1076 1923 ¹

130 1954 191 2020 ‘80.
214 1962 290 2021 Item
305 1962 328 2019 si
344 1961 462 2038 ignoret
472 1979 628 2018 numerum
642 1960 850 2038 suffragiorum
861 1980 915 2040 pro
926 1958 1047 2038 indigno
1067 1967 1076 2030 ¹,

104 2058 169 2101 esse
183 2041 385 2106 sufficientem,
405 2048 439 2097 nt
453 2039 479 2096 si
493 2048 607 2097 secreto
622 2039 693 2098 dent
718 2050 788 2098 vota
801 2060 872 2110 sue3
893 2040 964 2119 qnia
981 2050 1049 2098 tnnc
1068 2046 1076 2083 ¹

104 2130 151 2179 est
163 2139 217 2197 per
230 2120 307 2177 ratio
319 2118 544 2195 suffragantium
555 2118 584 2176 in
599 2119 685 2178 initio
699 2119 770 2178 etin
785 2119 852 2179 fine.
1043 2130 1047 2141 ‘
1073 2128 1076 2140 '

141 2201 190 2258 40.
212 2199 287 2258 Item
304 2199 328 2255 si
342 2197 438 2255 adhuc
456 2198 634 2274 foret-spes,
654 2199 720 2257 fore
743 2209 778 2256 ut
801 2198 875 2256 alios
888 2197 926 2258 cb
946 2197 1050 2280 iniquo
1070 2206 1076 2244 ἰ

100 2278 241 2356 suffragio
251 2288 353 2356 posset
366 2296 508 2345 evocare3
529 2279 598 2354 quia
608 2287 678 2335 tunc
689 2277 831 2355 suffragio
842 2297 895 2336 suo
905 2287 952 2336 est
962 2296 1050 2336 causa
1071 2287 1076 2317 ¹

99 2359 230 2437 positive
243 2357 342 2415 dernui
352 2355 483 2414 nondum
497 2357 654 2415 efficaciter
667 2356 752 2415 illati.

142 2437 226 2497 Idem
240 2435 396 2494 dicendum
410 2437 448 2493 de
462 2454 507 2503 ec,
529 2436 579 2513 qui
594 2435 686 2494 nollet
699 2435 856 2514 suffragari
879 2445 961 2505 tune,
981 2435 1049 2494 edm

101 2516 184 2576 ridet
197 2516 316 2575 defectu
329 2516 375 2574 sui
390 2515 523 2591 suffragii
547 2515 700 2592 indignum
723 2515 966 2592 promovendum,
994 2515 1050 2572 ini·

101 2616 190 2676 quum
201 2595 375 2654 sententiam
390 2594 551 2662 ferendam,
563 2600 614 2652 &c
634 2596 704 2672 quie
715 2605 793 2664 tnnc,
815 2596 865 2672 qui
876 2603 965 2664 tacet,
979 2613 1049 2653 con-

100 2675 211 2736 sentire
225 2674 352 2744 videtur,
373 2674 437 2731 cum
452 2692 491 2732 ex
507 2674 607 2732 officio'
616 2684 753 2733 teneatur
767 2677 825 2732 ‘eut
838 2673 983 2752 impedire
997 2681 1050 2733 ent

100 2755 265 2831 suffragari.
371 2818 374 2825 ,

140 2833 175 2893 In
190 2833 236 2892 his
246 2833 363 2912 punctis
373 2833 568 2891 communiter
584 2833 737 2892 Authores
748 2833 944 2894 conveniunt:
966 2831 1047 2891 unde

99 2912 220 2992 proprie
240 2923 355 2971 tentum
376 2913 616 2982 controvertitur,
637 2933 674 2971 nn
698 2913 758 2983 ille,
783 2914 833 2994 qui
855 2922 936 2970 certo
950 2912 1048 2970 sciens

15 3048 19 3057 ,
100 2993 275 3052 sufficientia
288 3004 358 3050 vote
371 2993 433 3067 jam
449 2992 571 3069 indigno
593 2993 758 3061 accessisse,
785 2993 875 3068 idque
899 2991 1048 3050 irrevocc·
1072 3010 1076 3045 ι

96 3068 207 3142 biliter,
235 3091 289 3130 suo
303 3071 444 3147 suffragio
460 3069 517 3128 illis
532 3071 694 3141 accederet,
714 3068 859 3129 'tenentur
872 3071 910 3128 cd
924 3070 1045 3130 restitn·
1069 3088 1076 3126 ι

98 3150 236 3212 tionem?
1070 3170 1076 3205 ι

139 3230 196 3293 VI.
217 3231 258 3290 R:
278 3229 466 3288 Affirmetivd
481 3248 546 3287 cum
562 3228 715 3307 Wiggers,
737 3228 891 3298 Daelman,
907 3228 1044 3298 Billuart,
1070 3248 1074 3285 ι

100 3316 151 3370 &c
170 3321 275 3369 contre
283 3309 428 3378 Lessinm,
451 3309 593 3384 Sylvium
609 3310 660 3366 &o
680 3309 821 3379 ratioest,
843 3308 922 3387 quod
938 3307 1042 3367 electio
1070 3311 1076 3366 l

97 3388 289 3450 concludetur
302 3388 420 3447 nomine
441 3387 664 3464 suffragantium
687 3408 746 3446 non
771 3389 872 3447 habito
895 3398 1046 3465 respectu,
1070 3408 1076 3446 ι

98 3471 164 3549 quis
177 3469 260 3547 prior
274 3467 321 3527 vel
334 3466 482 3544 posterior
497 3467 673 3544 suffragatus
686 3464 785 3536 fuerit,
800 3479 834 3526 ut
847 3477 930 3544 patet
945 3486 984 3525 ex
998 3486 1042 3537 eo,
1070 3487 1076 3525 r

96 3549 176 3629 quod
191 3548 216 3606 si
227 3549 321 3607 solum
333 3555 516 3625 postremum
537 3556 639 3605 votum
659 3546 738 3606 foret
758 3549 958 3616 simoniacum,
980 3556 1043 3605 tota

98 3627 205 3700 electio
220 3637 299 3687 esset
312 3626 415 3685 irritas
436 3624 495 3684 tale
509 3625 634 3705 proinde
659 3627 832 3704 suffragium
846 3627 929 3708 seque
949 3626 1045 3686 influit

97 3703 318 3768 iri'eleetionem
330 3705 454 3785 indigni,
474 3726 508 3766 ec
519 3706 659 3786 suffragia
671 3707 779 3786 priora.
