2160 4034
292 169 336 211 nr,
355 167 435 213 suar
456 168 497 212 rr
517 154 670 219 ruerrrrr.
901 136 972 225 243⁶

53 272 209 332 Praeterea
228 270 258 331 in
276 271 405 333 Dioeeesi
417 283 519 334 nostra
532 283 564 332 et
576 272 727 351 plerisque
740 273 815 346 aliis,
832 274 959 336 'homici-

49 371 94 411 um
109 352 307 411 voluntarium
319 364 365 412 est
375 373 459 412 casus
469 353 619 431 Episcopo
627 364 804 413 reservatus.
840 354 887 414 De
900 376 960 436 qno

49 431 80 490 le
96 432 198 492 Tract.
218 432 284 490 “de
299 432 423 491 Ponit?
444 432 535 492 Num.
548 435 618 490 206.

53 510 166 570 Poenas
187 510 277 589 juxta
297 512 433 571 (lenones
447 511 666 590 poenitentiales
680 512 751 572 olim
766 512 878 592 imponi
893 513 962 573 soli·

49 610 63 649 s
76 591 175 650 refert
190 591 220 650 S.
234 590 360 650 Carolus
373 593 573 650 Borromreus.

49 668 135 730 Olim
152 671 239 730 etiam
262 670 415 731 homicida
430 672 635 730 communione
655 670 850 731 Eucharistiae
863 672 961 750 priva·

49 759 140 818 utun
160 750 212 808 seul
227 750 370 809 hodierna
382 749 485 828 praxis
499 752 636 809 Romana
654 751 718 830 (oui
729 770 761 809 se
774 751 961 811 conformant

50 839 127 888 terra
142 829 282 889 Ecclesiae
293 829 373 887 orbis
388 830 549 888 Christiani
560 831 686 907 excepti
696 828 864 910 Gallicani)
879 832 961 890 dam-

49 908 92 973 tis
104 909 146 973 ad
159 919 284 975 mertem
299 920 368 967 ante
382 908 461 967 diem
483 909 628 986 supplicii,
653 908 700 967 vel
714 909 818 969 saltem
831 910 897 989 ipso
911 911 960 971 die

49 987 161 1064 pplicii,
170 1007 284 1047 summo
294 1008 379 1046 mane
388 990 622 1048 communionem
634 988 778 1047 concedit
798 989 856 1063 :lta
869 989 960 1057 etiam

49 1067 121 1125 rtnit
136 1067 248 1145 Synod.
270 1069 359 1125 Pron.
381 1067 490 1126 Meobl.
510 1067 557 1126 tit.
568 1070 596 1125 7.
610 1085 673 1144 cap.
682 1071 712 1125 6.
731 1068 875 1127 “Ultimo
887 1090 959 1147 quo·

49 1165 105 1224 que
120 1148 264 1225 supplicio
278 1146 438 1207 efficiendis
447 1147 623 1225 tempestive
635 1146 763 1206 desacra
771 1147 960 1208 Eucharistia

49 1226 264 1303 provideatur.”

52 1304 319 1376 Quanamdamna
335 1304 516 1365 considerari
530 1303 678 1365 debentia
689 1305 849 1365 homicidio
858 1315 889 1366 et
898 1325 961 1367 mu-

50 1384 173 1449 niune?
263 1406 268 1415 ¹
639 1434 642 1443 .

51 1464 151 1601 Valli.
174 1464 312 1543 Triplicis
325 1464 453 1541 generis,
467 1463 578 1523 scilicet
591 1462 765 1543 spiritualia,
785 1465 960 1543 personalia,

56 1562 72 1600 r
119 1556 157 1601 lu.
192 1558 198 1570 '

50 1622 169 1681 Damna
181 1622 346 1701 spiritualia
367 1631 445 1692 sunt,
467 1621 546 1701 quod
560 1622 672 1682 occisus
691 1622 826 1701 privetur
846 1622 958 1681 ultimis

49 1704 210 1761 ‚crementis
219 1703 343 1780 aliisque
352 1701 490 1761 subsidiis
499 1702 719 1779 spiritualibus3
738 1702 811 1760 item
820 1712 955 1781 tempore

49 1782 145 1841 arandi
161 1782 398 1841 &satisfaciendi
414 1782 481 1840 Deo
496 1783 704 1859 propeccatis.

51 1860 107 1921 Vl.
129 1863 190 1921 Pro
204 1862 318 1922 damnis
331 1863 397 1921 istis
410 1871 529 1920 tenetur
551 1860 699 1920 homicida
719 1859 889 1919 satisfacere
901 1878 957 1938 per

49 1940 161 2007 crificia,
183 1942 340 2011 orationes,
355 1942 558 2018 eleemosynas
571 1940 686 2019 aliaque
700 1941 749 2018 pia
762 1959 853 2077 opera
866 1939 894 1998 in
909 1960 956 1999 re·

49 2021 166 2097 gerinus
188 2022 292 2079 animae
316 2022 422 2079 occisi:
443 2030 534 2098 atque
546 2017 594 2079 hlc
606 2020 730 2098 reperiri
744 2017 782 2078 ob
795 2019 957 2096 igetionem

49 2100 129 2177 aprio
145 2099 254 2158 dictam
268 2100 415 2158 sustinent
431 2098 579 2176 steyaert,
595 2099 737 2169 Antoine,
752 2111 783 2157 et
797 2098 957 2176 pluresnlii

49 2188 113 2237 ntra
123 2179 277 2257 Wiggers,
292 2198 357 2257 quaa
369 2199 405 2238 eo
418 2179 539 2256 gravior
549 2187 605 2249 est,
619 2198 678 2256 quo
689 2179 783 2256 magis
794 2177 892 2236 subito
908 2198 955 2236 oc·

51 2278 84 2317 us
99 2258 249 2317 extinctus
262 2258 338 2318 fuit:
359 2259 418 2317 imo
443 2258 588 2316 Daelman
602 2271 633 2319 et
648 2258 814 2335 Peringueu
824 2269 956 2326 censent,

49 2357 65 2395 u
80 2339 199 2399 tantum
209 2338 370 2407 charitatis,
386 2337 437 2396 sed
451 2337 541 2395 etiam
549 2336 676 2414 justitiae
689 2355 755 2396 esse
765 2356 830 2395 eam
844 2336 957 2414 obliga·

50 2437 129 2488 nem,
151 2436 217 2475 cum
239 2417 364 2495 quilibet
384 2416 549 2494 baptizatus
570 2415 621 2494 jus
645 2415 752 2474 habeat
774 2414 957 2493 percipiendi

49 2498 351 2568 tremaSacrameuta,
359 2496 464 2578 quibus
474 2496 587 2555 occisus
595 2494 794 2574 perinjurium
802 2494 956 2553 homicidae

49 2577 153 2635 luatur.

49 2656 183 2715 Praetice
195 2656 286 2733 igitur
301 2654 504 2715 confessarius
518 2654 673 2714 homicida
687 2653 842 2731 injungere
856 2650 955 2723 debet,

51 2735 201 2795 stabiliter
214 2735 348 2827 quadam
362 2753 453 2813 opera
466 2734 662 2794 satisfactoria
681 2731 771 2818 faciat
784 2733 814 2790 in
828 2731 953 2810 refrige-

49 2834 84 2872 rm
100 2835 205 2874 anrmae
216 2834 314 2872 oocrsr.
786 2872 790 2881 ,

49 2896 193 2969 Quanam
207 2894 358 2954 restitutio
371 2892 507 2952 facienda
516 2904 563 2953 est
576 2912 630 2970 pro
645 2891 751 2950 damno
761 2889 935 2968 personali?

49 2974 123 3036 Vll.
144 2974 183 3033 R.
205 2974 239 3032 ln
262 2974 375 3051 primis,
393 2993 459 3031 cum
473 2992 527 3050 per
550 2973 689 3049 injustam
705 2969 880 3031 occisionem
906 2970 954 3030 vel

48 3053 236 3121 renationem,
257 3053 369 3112 directe
383 3052 466 3112 illata
479 3052 519 3110 sit
536 3051 645 3128 injuria
658 3051 715 3129 ipsi
728 3069 863 3128 persona
877 3050 953 3109 laesae

49 3134 160 3212 iusque
181 3133 415 3210 consanguineis,
430 3141 550 3190 tenetur
563 3150 617 3209 per
630 3150 662 3189 se
676 3129 826 3208 loquendo
837 3129 954 3201 ‚laedens

49 3232 112 3272 >eo
127 3212 296 3271 satisfacere
310 3232 364 3290 per
377 3210 621 3289 significationem
635 3208 755 3278 doloris,
777 3208 952 3286 petitionem

49 3294 108 3362 ria,
116 3292 233 3368 aliaque
247 3293 331 3367 signa
352 3291 483 3371 (attentis
503 3290 598 3348 utrius
620 3307 657 3349 ue
675 3288 861 3366 conditione)
884 3286 951 3344 sub·

49 3372 155 3430 saionis
169 3370 377 3447 &placationis
392 3389 464 3448 erga
473 3370 575 3431 laesum
589 3311 731 3446 aliosque,
745 3368 774 3425 in
789 3385 863 3447 quos
876 3365 952 3442 inju-

62 3451 226 3531 personalis
237 3450 423 3509 redundavit.

49 3533 92 3588 2⁰.
108 3530 233 3588 Laedens
246 3528 366 3588 indubie
377 3539 496 3607 tenetur
507 3528 535 3587 in
547 3526 726 3587 conscientia
736 3525 850 3583 solvere
861 3523 951 3583 mulc-

49 3610 276 3688 npecunieriam
292 3612 310 3668 a
318 3608 420 3686 judice
434 3608 461 3667 ei
476 3608 643 3685 impositam
657 3606 686 3664 in
701 3623 825 3683 poenam.

49 3692 93 3747 30.
115 3689 303 3766 Disputatur,
327 3709 364 3749 au
374 3687 476 3766 judice
489 3685 628 3748 mulctam
640 3704 697 3745 non
709 3685 886 3761 imponente,
907 3694 950 3742 tn·

88 3786 156 3828 son.
170 3786 205 3826 11.
538 3785 559 3824 x
