2160 4034
327 152 371 194 ue
390 148 475 194 rnna
490 148 533 192 rr
552 146 707 193 ruerrrrc.
931 132 990 194 att

77 254 123 316 IL
144 251 303 314 Naturalia
315 262 385 313 aunt
398 251 575 323 intellectus,
595 252 742 322 voluntas,
763 250 916 333 memoria,
937 254 992 313 ccl·

49 334 131 393 rutiae
147 335 279 408 &artem
296 332 555 393 &cruciatorum
916 372 919 377 -

78 414 143 473 ΙΙΙ.
164 412 408 491 supernaturalia
421 421 491 470 runt
503 408 610 489 gratie,
625 406 752 470 virtutes
766 410 880 482 inluta,
893 412 921 470 a
934 412 993 474 alia

49 491 119 552 lona
133 492 378 571 supernaturalia,
393 501 488 549 status
502 492 578 567 plue,
599 490 773 568 religiosus,
787 496 813 549 ἃ
827 490 944 551 cimilia.

78 573 134 633 An
157 572 247 632 homo
267 572 331 651 pati
353 580 454 650 potect
476 568 614 648 injuriam
638 570 670 627 in
693 569 877 630 naturalibus
903 573 994 632 animi

49 653 153 712 tonis?

80 732 121 791 R.
150 729 356 789 Affirmativet
378 728 448 807 quia
481 726 586 787 uilibet
604 727 657 806 jue
676 725 767 786 halet
784 724 877 787 libere
890 731 995 791 utendi

49 807 233 869 iruultatlbuc
257 808 323 868 istie
346 744 550 866 naturaldrur:
570 807 622 886 qui
642 824 716 899 argo
738 806 865 866 alterum
885 806 995 888 injuste

49 889 171 968 impedit
183 888 221 948 nb
235 888 288 946 illo
298 907 364 957 usu,
385 903 486 946 reram
499 887 594 953 infert
607 887 636 944 ei
651 886 798 964 injuriam.

83 969 141 1030 lv.
156 968 237 1026 Hinc
245 968 296 1049 qui
307 986 432 1036 veneno,
443 964 573 1044 philtris,
587 965 740 1037 maleficio,
756 965 885 1026 similite
896 967 996 1028 medio

49 1047 156 1127 injusto
179 1047 308 1126 aliquem
331 1064 428 1115 sensu,
449 1042 603 1115 memorii,
630 1044 793 1116 intellectu,
821 1045 918 1106 aliove
941 1067 996 1106 neu

49 1125 209 1204 rpirituulir
222 1127 364 1204 potentia
375 1125 515 1203 privarit,
540 1124 589 1182 tel
603 1122 632 1182 vl
643 1134 696 1183 aut
708 1124 946 1199 frundeittduxit
959 1127 998 1186 ad

49 1205 156 1286 aliquid
170 1204 355 1277 sumendum,
369 1222 482 1282 exque
496 1203 557 1262 tale
570 1215 779 1263 nocumentum
791 1214 924 1264 secutum
938 1216 994 1277 ert,

49 1285 176 1424 pplcpavit
199 1286 333 1364 graviter
353 1293 457 1344 contra
476 1282 635 1362 justitiam,
658 1293 691 1342 et
712 1283 750 1342 ad
772 1284 992 1345 restitutionem

49 1383 63 1425 1
93 1383 102 1423 1
143 1376 204 1423 tur.

49 1476 51 1481 ·
80 1382 166 1518 Qgrdd
176 1462 216 1503 ex
228 1443 282 1502 tali
296 1441 405 1521 injurie
417 1442 578 1503 restituero
587 1442 655 1521 quir
668 1444 811 1502 tenetur?

80 1524 121 1584 lt.
137 1525 184 1582 10.
197 1523 333 1583 Tenetur
346 1541 385 1580 ex
393 1520 514 1600 justitie
527 1540 644 1580 caueam
657 1522 828 1581 nocumenti
838 1521 953 1597 tollere,
966 1525 995 1584 a

49 1603 120 1663 nala
132 1602 204 1662 iude
216 1600 402 1660 imminentia
415 1600 569 1679 impedire,
591 1602 616 1661 ei
630 1601 670 1660 sit
682 1601 713 1659 in
721 1601 786 1679 ejue
799 1610 996 1680 potestate&

49 1683 149 1743 radlia
162 1681 252 1740 licitis
265 1680 411 1759 impedire
425 1680 528 1759 possit.
865 1716 868 1721 ν

78 1763 130 1821 2⁰.
153 1760 291 1821 Tenetur
303 1760 341 1819 ad
353 1760 575 1819 restitutionem
589 1761 720 1818 omnium
734 1760 908 1820 damnorum
930 1778 995 1823 rea·

49 1840 128 1913 dum,
143 1841 293 1921 quoinde
307 1848 409 1899 secuta
422 1841 448 1898 e
462 1850 600 1899 secutura
613 1848 689 1908 aunt,
713 1856 742 1896 r.
755 1856 785 1917 g.
805 1840 920 1900 lucram
932 1860 996 1915 cea·

49 1938 125 1991 rena,
146 1938 186 1979 ex
206 1938 252 1990 eo,
280 1918 361 1998 quod
374 1938 434 1978 non
448 1919 543 1996 possit
562 1918 625 1996 jam
639 1918 766 1976 officium
780 1929 832 1978 aut
846 1920 995 1999 opificium

49 2018 198 2070 exercerc,
211 2000 261 2060 rel
275 1999 304 2058 in
315 2010 468 2078 porterum
477 1997 646 2058 futuruaeit
658 1998 754 2059 minim
768 2008 855 2077 optus
869 2000 906 2060 cd
920 2000 995 2060 illud

49 2079 254 2139 exercendum.

81 2161 131 2218 80.
153 2157 355 2218 Probabiliter
375 2160 466 2219 etiam
489 2167 612 2216 tenetur
632 2156 802 2216 satisfecere
815 2174 873 2235 pro
887 2157 994 2228 damno

49 2238 192 2317 personali
206 2236 366 2297 secunddm
381 2238 537 2298 arbitrium
552 2236 608 2294 viri
623 2236 787 2315 prudentis,
808 2236 996 2299 considerati

49 2318 199 2396 utriunque
213 2316 393 2388 conditione,
409 2316 500 2397 juxta
513 2316 594 2375 dicta
606 2316 647 2374 N.
660 2318 699 2373 67
713 2322 738 2375 dr
752 2318 817 2375 138.

82 2397 133 2456 An
149 2398 238 2456 homo
258 2395 394 2476 injuriam
409 2397 472 2475 pati
485 2405 587 2475 potert
600 2395 630 2452 in
645 2394 730 2454 bonis
748 2395 839 2455 animi
853 2414 994 2475 superne·

50 2476 216 2536 turullius?

83 2556 123 2615 B„
151 2556 347 2627 Affirmatire‚
378 2556 448 2614 dnm
472 2573 579 2633 nempe
603 2554 670 2634 quia
698 2552 873 2624 vi,'fraude‚
901 2562 994 2626 metu·

49 2634 140 2694 aliove
153 2635 242 2693 modo
256 2635 367 2714 injusto
382 2634 576 2693 induciturin
590 2642 752 2713 peccatum,
777 2632 825 2692 vel
838 2633 996 2693 abducitur

51 2713 155 2773 ibono
165 2735 184 2772 ο
205 2733 265 2785 ere,
286 2715 334 2774 rel
349 2714 497 2792 decipitur
509 2713 585 2773 folet
597 2713 741 2773 doctrine„

83 2794 183 2852 Neco
219 2805 272 2863 tat,
294 2795 441 2859 scienti&
458 2792 570 2852 volenti
592 2812 653 2851 non
671 2791 736 2850 deri
750 2789 906 2869 iujuriam
925 2794 996 2872 quia

50 2874 74 2930 in
84 2892 155 2932 caru
169 2892 227 2932 non
242 2883 289 2932 eet
298 2874 386 2952 plene
397 2874 501 2943 aciens,
515 2891 571 2932 nec
584 2873 671 2951 plene
685 2871 797 2941 rolens,
812 2870 864 2932 red
877 2882 925 2932 ert
937 2872 995 2931 etl·

50 2963 103 3012 tem
129 2952 240 3012 invitus
263 2953 423 3012 secundum
448 2951 529 3031 quid,
557 2960 680 3030 propter
707 2950 914 3030 deceptionem
940 2962 995 3011 aut

53 3032 231 3090 dolentiam.
271 3032 350 3093 Vide
364 3033 456 3095 Num.
470 3034 519 3089 37.
750 3064 752 3069 ·

85 3112 149 3186 Qui
169 3112 263 3189 igitur
284 3111 411 3171 alterum
432 3110 471 3180 vi,
492 3109 597 3169 frende
618 3119 765 3169 autmetu
789 3109 819 3168 in
841 3118 994 3188 peecatum

52 3190 172 3262 inducit,
191 3210 250 3249 nou
275 3190 368 3250 cultim
393 3199 497 3269 peccat
520 3199 644 3268 peccato
666 3188 807 3260 scandali,
828 3189 881 3249 eccl
905 3190 995 3250 etiam

52 3280 172 3347 peceato
186 3282 289 3328 contra
297 3270 446 3347 justitiam
460 3268 511 3327 ieti
523 3269 611 3328 alteri
624 3268 764 3329 debitam.
791 3324 795 3329 .

85 3349 139 3407 Ad
150 3349 222 3428 quid
236 3348 453 3408 restituendum
467 3358 595 3419 tenetur,
610 3349 661 3426 qui
675 3349 718 3408 ita
726 3348 827 3407 nocuit
834 3347 994 3426 proximo?
1010 3374 1014 3383 ’

87 3428 127 3489 V.
149 3429 188 3488 R.
215 3431 259 3486 10.
281 3429 415 3487 Tenetur
429 3448 467 3486 ex
476 3428 597 3506 justitia
610 3429 680 3499 vim,
700 3427 997 3497 fraudemsomncm-

50 3527 107 3587 que
121 3506 209 3566 aliam
223 3527 341 3566 causam
354 3527 501 3581 amovere,
523 3507 666 3585 quautdm
678 3507 757 3566 licite
770 3516 878 3585 potest.

87 3589 136 3645 20.
158 3588 292 3646 Tenetur
314 3588 474 3649 restituere
497 3606 585 3649 omne
606 3587 744 3648 damnum
766 3585 939 3685 temporale,
973 3602 987 3645 1

1019 3474 1028 3519 l
