2160 4034
107 164 163 227 m
484 180 675 225 mauranus
715 206 718 210 »

143 287 301 358 Caeterbm,
322 284 510 367 qnandormm
523 289 640 349 ratione
654 286 734 347 illius
747 307 802 368 par
816 286 954 349 accidens
971 286 1064 366 impe.

103 369 168 429 dire
181 388 241 427 uon
255 376 401 439 teneatur,
422 367 527 426 morali
535 367 652 446 judicio
663 356 844 447 prudentum
859 360 1078 457 determinans.¹

104 447 381 524 dumrelinquicur.
1051 434 1078 483 ⁴

145 526 187 586 X
201 527 293 586 Ratio
307 525 406 605 quarti
415 535 534 596 estnon
543 545 631 604 posse
642 526 770 585 inveniri
784 526 933 586 rationem
943 492 1078 635 restituad

105 607 205 676 tinnis,
219 605 270 665 ubi
279 625 337 664 uon
350 606 478 664 violatur
487 605 608 683 justitia
616 607 845 666 commutativa:
866 605 947 666 unda
965 605 1055 667 sitan

104 680 169 748 'tdm
180 705 219 746 ex
230 684 382 754 charitate,
393 684 441 743 vel
452 684 510 742 alia
518 685 640 755 virtute,
651 687 670 744 d
677 685 798 764 justitia
806 685 959 756 distincta,
972 685 1013 742 im
1047 686 1051 701 ’

105 767 170 828 dire
183 775 331 835 tenentum
356 783 416 823 non
435 763 587 823 tenebitur
608 764 646 823 ad
667 765 901 835 restitutionem,
929 764 1041 847 quam‘

105 853 209 928 peccet
217 864 315 903 coram
327 842 404 902 Deo.
413 842 492 905 Vide
503 843 595 902 Num.
605 847 653 902 24.
668 843 734 902 “de
747 843 874 903 Actibus
886 841 1041 904 Humanis.
1061 876 1064 886 ·

110 952 115 961 ·
146 924 359 991 Authoritates
381 923 435 982 SS.
457 923 581 985 Patrem
595 925 622 981 Sa
636 943 763 982 canones
786 923 836 982 hic
860 921 953 1000 objici
976 894 1078 1022 salilll[

106 1004 155 1066 vel
168 1013 262 1082 agunt
275 1003 313 1062 de
332 1000 472 1079 obligatis
486 1021 525 1060 ex
539 1003 643 1074 officio,
667 1002 715 1061 vel
730 1002 825 1062 soldm
839 1002 959 1074 volunt,
984 987 1065 1081 quot!

107 1094 212 1144 contra
221 1102 281 1141 non
292 1081 489 1160 impedientes
503 1082 543 1140 sit
552 1083 746 1162 praesumptio
760 1081 912 1142 societatis
926 1063 1078 1153 occultu,a

105 1174 136 1224 et
146 1162 230 1242 qudd
245 1162 313 1221 ideo
327 1161 443 1240 possint
457 1161 566 1237 puniri.
1059 1130 1074 1186 Β

144 1244 268 1321 Exque
281 1241 380 1318 capite
392 1241 490 1299 oritur
505 1240 651 1319 obligatio
672 1259 711 1299 ex
733 1240 854 1319 justitia
874 1238 1069 1323 impediendi

110 1322 272 1382 damnum?
1047 1322 1078 1343 '*

142 1402 181 1462 R.
194 1403 239 1458 10.
255 1400 384 1459 Ratione
396 1397 484 1458 offleii
497 1421 505 1457 ε
527 1398 572 1458 sic
583 1409 725 1459 tenentur
738 1398 932 1472 Belli-duces,
947 1397 1058 1479 Magis·

109 1489 214 1549 emus,
236 1480 375 1549 Tutores,
397 1479 449 1536 &a

144 1563 193 1618 2⁰.
207 1559 337 1618 Ratione
347 1557 517 1620 contractus
525 1557 662 1636 impliciti
670 1557 719 1618 vel
730 1557 882 1636 expliciti:
904 1557 947 1616 sic
958 1566 1058 1616 tenen·

107 1650 159 1698 tur
165 1639 303 1698 custodes
312 1636 440 1706 urbium,
454 1656 605 1715 agrorum,
620 1638 779 1716 sylvarum,
793 1643 845 1696 &a
865 1637 947 1698 Vide
960 1635 1013 1695 nbi
1022 1636 1059 1696 de

107 1717 194 1797 culpa
215 1716 307 1777 Num.
329 1719 377 1776 ts.
398 1717 456 1775 Est
470 1716 559 1776 etiam
575 1716 719 1795 obligatio
733 1717 762 1774 in
778 1717 860 1776 omni
873 1715 1005 1789 homine,
1024 1732 1061 1776 ns

106 1816 163 1877 per
175 1817 207 1857 ae
221 1808 273 1855 aut
286 1816 340 1874 per
348 1815 418 1855 suos
431 1795 574 1855 damnum
589 1795 654 1854 aliis
670 1797 825 1855 inferatur.

109 1900 113 1908 ·
147 1877 206 1942 xl.
216 1875 537 1945 Baneobarvandum,
545 1895 585 1933 ne
593 1894 649 1953 pro
657 1895 745 1934 causa
756 1873 1061 1954 dumtaxatnegatlva

107 1955 264 2026 habeatur,
276 1956 326 2036 qui
337 1954 374 2013 ad
383 1974 500 2013 oausam
511 1954 668 2032 positivam
679 1955 865 2014 reducendus
879 1964 934 2026 est,
949 1964 985 2012 ut
995 1973 1024 2013 v.
1033 1972 1064 2032 g.

107 2035 160 2114 qui
174 2055 192 2094 a
204 2036 281 2105 fure,
304 2053 343 2094 ne
356 2032 456 2093 obstet
475 2034 576 2092 verbis
589 2034 637 2092 vel
651 2035 747 2104 iactis,
768 2034 923 2114 pecuniam
944 2032 1064 2112 accipit,

107 2115 158 2174 vel
167 2114 198 2173 id
208 2113 358 2192 promittit
368 2115 471 2190 gratis,
483 2112 584 2172 dicens
594 2133 623 2172 v.
636 2133 666 2190 g.
679 2115 738 2172 suri
751 2136 758 2173 ε
780 2114 805 2173 si
814 2113 888 2172 velis
896 2113 992 2172 mrari
1002 2129 1064 2171 non

107 2193 223 2272 loquar,
248 2213 303 2251 nec
325 2192 504 2269 impediamr
524 2192 593 2251 talis
615 2194 692 2251 euim
708 2213 766 2252 nou
792 2203 902 2262 mutus,
930 2192 979 2251 vel
1002 2209 1065 2251 non

106 2273 237 2343 obstans,
258 2273 311 2331 sed
335 2272 524 2331 corisentiens
545 2271 687 2331 dicendus
711 2283 758 2332 est
780 2272 870 2351 juxta
894 2272 989 2331 Num.
1013 2273 1064 2329 77.

110 2354 171 2427 Qui
186 2352 349 2430 obligatum
365 2370 403 2410 ex
420 2350 541 2430 justitia
554 2351 592 2410 ad
608 2352 828 2430 impediendum
843 2352 984 2411 damnum
1007 2349 1063 2408 im·

108 2433 203 2512 pedit,
225 2432 298 2491 item
319 2431 369 2508 qui
381 2428 500 2490 obstare
514 2431 562 2490 vel
576 2430 702 2490 clamare
717 2433 874 2502 volentem,
895 2431 967 2489 licet
980 2427 1021 2488 ad
1034 2427 1068 2488 id

107 2531 147 2571 ex
172 2511 286 2571 'ustitia
305 2530 363 2570 non
379 2508 552 2588 obligatum,
576 2511 700 2588 impedit
724 2512 763 2582 vi,
789 2511 904 2581 fraude,
932 2509 982 2568 vel
1008 2509 1067 2569 allo

107 2533 198 2652 modo
212 2590 332 2670 injusto,
348 2601 468 2649 tenatur
478 2590 562 2650 certd
573 2590 611 2648 nd
624 2591 854 2658 restitutionem,
866 2591 956 2668 juxta
970 2587 1064 2647 Num.

108 2673 157 2728 41.
171 2672 223 2730 aed
237 2670 354 2730 tantum
374 2680 516 2748 tanquam
529 2690 616 2728 causa
630 2671 777 2747 negativa,
791 2671 848 2729 uisi
870 2666 1059 2748 impediendo

109 2750 352 2813 damnlfioatorea
365 2750 536 2820 animasset,
559 2750 608 2809 vel
622 2750 788 2810 securiores
798 2748 989 2810 reddidisset.

111 2987 152 3048 N.
172 2990 221 3047 82.
262 2987 323 3046 DE
352 2986 659 3050 OONFESSARIO
689 2986 955 3049 OMITTENTE
981 2904 1078 3045 Mil-l

148 3066 612 3207 {ffgffiNPffiNITENTEM
642 3068 703 3126 DE
727 3063 1060 3140 RESTITUTIONE

114 3246 144 3351 l.
166 3287 365 3366 Consecuntur
377 3285 478 3362 fieren
490 3304 683 3353 nonmmnnr.
696 3305 754 3347 noa
771 3285 976 3343 carmanum.
1018 3285 1061 3344 ΙΙ.

148 3367 217 3428 Noa·
226 3368 535 3439 censeaturconsentire.
566 3365 626 3424 Ill.
644 3364 1060 3424 iseldioarmaoserotttuen·

151 3449 229 3507 dum.
284 3444 340 3505 lv.
352 3443 442 3505 Ante*
455 3455 563 3504 contu.
597 3445 637 3505 V.
651 3444 794 3504 Mouitom
800 3463 858 3522 pro
872 3441 1069 3520 Confessamis.

115 3655 119 3665 ,
146 3607 209 3667 AD
224 3605 297 3685 quid
311 3615 432 3666 tenetur
442 3607 657 3681 confessarius,
672 3608 723 3687 qui
734 3627 793 3666 non
803 3617 906 3666 mouet
917 3606 1063 3684 poeniten·

107 3694 168 3747 tem
182 3685 348 3765 obligatum
363 3687 533 3762 restituere,
554 3688 593 3762 de
605 3688 796 3750 restitutione
806 3686 963 3747 facienda?
