2160 4034
352 183 398 227 nn
415 182 497 227 sunu
517 181 560 225 nn
580 182 738 227 snsrmm.
989 173 1029 230 58

106 285 170 345 111.
193 285 236 347 R.
258 287 318 347 Eat
330 288 395 366 ipse
409 304 477 346 urus
491 284 616 345 actualis
624 286 679 356 rei,
700 296 806 367 estque
820 289 940 368 duplex,
954 312 1031 354 uuus

74 363 201 438 illicitus,
223 386 318 446 quem
331 366 431 438 babet,
451 386 479 425 v,
493 386 523 444 g.
542 365 593 423 fur
605 366 636 423 in
650 385 757 444 panem
771 367 932 440 furtivum3
955 373 1032 433 alter

72 443 174 516 licitus,
198 445 415 526 quemhabent
434 445 565 505 convivae
585 446 685 523 rogati
707 446 739 503 in
762 446 844 507 cibos
867 452 1031 528 appositos.

72 522 335 605 Daliuiripossets
355 525 526 585 “Licentia
549 525 653 584 utendi
674 544 708 584 re
732 525 840 600 alienb,
860 533 1029 607 prasertim

76 611 89 641 ‘¹
98 624 166 758 ppt
182 606 257 684 ipso
266 627 324 667 usu
336 604 547 665 consumitur.”

134 685 276 747 uomodo
283 686 387 745 differt
400 705 470 744 usus
483 683 555 742 facti
570 683 607 742 ab
620 703 677 743 usn
687 683 790 762 juris?

102 762 163 825 lv.
185 765 230 824 R.
254 765 291 825 ln
304 784 352 837 eo,
372 765 454 845 qndd
473 783 543 822 usus
552 764 632 841 juvis
642 764 785 824 consistat
798 766 828 824 in
847 766 927 845 jure,
948 768 1031 829 &sic

75 860 121 901 uon
134 844 180 902 sit
193 845 237 903 ad
253 855 360 904 nutum
371 843 565 911 revocabilis3
585 843 637 902 sed
659 864 730 903 usus
751 846 823 904 i'acti
847 857 894 905 est
912 849 1031 908 tantmn

75 921 203 1002 padam
232 923 366 996 licentia,
387 944 446 983 non
466 923 603 982 strictum
625 921 687 999 jue,
708 923 841 1007 adeoque
865 926 942 986 solet
965 947 1032 988 esse

46 1054 48 1063 .
74 1000 261 1064 avocabilis.
302 1003 420 1064 Deinde
434 1004 464 1062 in
477 1022 534 1062 usu
553 1001 632 1079 juris
646 1003 728 1063 salva
750 1005 840 1064 debet
851 1024 971 1065 manere
985 1008 1031 1067 rei

72 1080 255 1143 snbstantias
277 1085 459 1143 contrarium
468 1082 535 1142 fieri
549 1081 627 1141 solet
637 1082 668 1140 in
677 1103 732 1142 usu
743 1085 825 1143 facti.

100 1160 154 1219 An
169 1181 251 1222 usus
264 1163 337 1222 facti
347 1162 378 1221 in
388 1182 422 1222 re
431 1162 519 1223 unico
528 1171 597 1219 actu
607 1163 827 1242 consumptibili
835 1173 937 1242 potest
946 1185 1032 1245 sepa·

69 1240 122 1298 uri
137 1241 159 1299 d
173 1239 343 1303 dominio?

101 1319 141 1379 V.
164 1320 208 1379 R.
237 1324 284 1381 10.
307 1321 340 1382 Si
360 1340 431 1380 usus
451 1319 523 1381 facti
551 1318 730 1379 concedatur
750 1322 1032 1386 irrevocabiliter&

67 1398 315 1477 independenter
328 1401 348 1460 ὲ
360 1401 513 1461 voluntate
526 1399 726 1470 concedentis,
740 1421 801 1461 non
814 1403 935 1462 videtur
947 1406 966 1463 d
980 1405 1033 1464 do·

66 1478 158 1538 minio
169 1479 334 1559 distingui,
354 1481 425 1562 quia
437 1480 463 1539 si
477 1479 544 1557 quis
559 1477 667 1537 habeat
690 1501 776 1540 usum
796 1481 1032 1555 irrevocabilem,

65 1577 90 1615 v.
98 1577 130 1635 g.
145 1557 281 1619 bibendi
290 1581 330 1619 ex
340 1559 421 1620 dolio
435 1560 507 1630 vini,
526 1556 622 1616 donec
637 1558 676 1616 sit
686 1571 871 1631 evacuatum,
890 1562 935 1620 nil
947 1563 1030 1624 vide·

66 1646 112 1695 tur
126 1638 237 1698 minus
251 1638 372 1709 babere,
393 1640 481 1720 quiam
492 1637 544 1716 qui
555 1635 620 1712 ejus
635 1636 726 1698 habet
739 1639 913 1699 dominium.

100 1716 164 1778 VI.
187 1719 233 1778 R„
254 1721 303 1776 2⁰.
326 1718 358 1778 Si
375 1738 446 1776 usus
459 1717 531 1776 facti
542 1715 629 1773 datus
644 1718 683 1775 eit
697 1718 915 1790 motabiliter,
940 1721 1032 1780 &de-

66 1795 282 1875 pendenterd
304 1797 458 1858 voluntate
471 1793 669 1865 concedentis,
692 1799 710 1855 a
730 1798 861 1856 dominio
876 1799 1034 1877 distingui-

67 1888 134 1935 tur:
156 1876 207 1935 sic
222 1878 349 1935 conviva
370 1877 467 1936 utitur
488 1874 561 1934 cibis
584 1875 729 1951 appositis
752 1874 864 1954 absque
886 1897 932 1945 eo,
954 1880 1036 1957 quod

68 1954 179 2015 babeat
195 1955 320 2015 illorum
334 1955 506 2015 dominium.

104 2035 222 2095 Talem
235 2055 323 2095 usum
332 2035 443 2095 babent
453 2054 555 2095 omues
566 2033 714 2112 Religioni
723 2033 895 2095 solemniter
906 2037 1034 2115 professi

71 2115 162 2173 iures
188 2133 222 2171 v.
243 2135 275 2193 g.
299 2114 406 2185 cibum,
426 2125 540 2194 potum,
554 2122 604 2174 dre.
626 2114 698 2193 ipsis
718 2114 756 2172 ad
770 2135 855 2172 usum
870 2137 1033 2184 concessas,

72 2203 214 2253 manente
226 2193 361 2253 dominio
374 2213 466 2272 penes
480 2196 732 2253 communitatem.
772 2194 962 2253 Franciscaui
982 2217 1034 2254 au·

73 2285 130 2333 tem
146 2273 323 2332 strictioris
335 2272 541 2333 Obseruantia
551 2275 641 2332 etiam
651 2274 681 2329 in
691 2274 839 2332 communi
854 2274 902 2355 (id
913 2287 959 2333 eet
970 2275 1033 2353 ipae

79 2352 181 2432 Ordo)
187 2352 372 2430 profitentur
386 2350 572 2412 senullarom
582 2353 702 2411 omuino
711 2372 810 2410 rerum
825 2354 1036 2431 temporalium

45 2448 47 2467 ²
75 2432 242 2491 dominium
255 2431 374 2502 babere,
387 2431 441 2491 sed
454 2432 550 2491 soldm
561 2432 723 2509 simplicem
739 2452 823 2491 usum
838 2433 912 2491 facti
924 2433 962 2491 ad
981 2455 1035 2492 nu·

45 2528 47 2535 ·
73 2509 356 2581 tumrevocabilem,
376 2510 508 2570 dominio
523 2522 661 2569 manente
676 2510 722 2568 vel
734 2530 824 2588 penes
848 2511 961 2583 dantes,
983 2513 1033 2571 vel

76 2591 95 2649 si
114 2590 147 2648 bi
162 2589 335 2649 dominium
349 2588 560 2660 abdicaverint,
584 2610 676 2669 penes
690 2590 791 2648 sedem
805 2589 1032 2667 Apostolicam:

77 2669 149 2729 unde
173 2669 319 2748 equidem
332 2670 446 2728 furtum
460 2671 669 2738 committeret,
692 2670 742 2746 qui
757 2689 804 2727 ree
820 2669 1033 2729 Francisoano·

78 2749 304 2886 mmfpcuferret
324 2748 494 2829 faceretque
521 2749 594 2828 ipsis
618 2748 765 2827 injuriam,
785 2747 931 2826 privando
953 2751 1034 2828 ipsos

78 2848 126 2887 neu
191 2828 229 2886 ti.

110 2908 190 2968 VII.
212 2907 290 2967 Fuit
303 2906 359 2966 hbe
369 2926 460 2984 super
473 2927 505 2966 re
516 2908 591 2966 acris
603 2906 778 2983 disceptatio
793 2908 871 2966 inter
886 2909 1035 2970 Joannem

81 2986 188 3046 XXII.
214 2987 328 3065 Papam
343 2993 369 3046 a
383 2987 604 3055 Franciscanos,
625 2987 777 3064 ediditque
786 2987 919 3048 ,Ioannes
931 2999 1035 3048 contra

78 3066 208 3125 bostrae
224 3065 344 3125 Bullas:
367 3066 510 3135 Primam,
532 3075 552 3103 “
562 3067 633 3124 Cdm
646 3067 725 3122 iuter
740 3066 922 3137 nonnullos,”
937 3068 966 3124 in
977 3089 1035 3146 qua

76 3145 209 3204 declarat
220 3165 288 3204 esse
302 3145 474 3205 hereticum
482 3145 599 3216 docere,
614 3143 694 3222 qudd
704 3144 839 3203 Christus
851 3147 892 3204 nil
905 3167 1036 3225 unquam

79 3224 222 3283 babuerit
236 3225 362 3302 proprii.
797 3280 801 3289 ,

93 3302 279 3373 Secundam,
290 3304 367 3362 “Ad
378 3303 587 3373 conditorem‚”
595 3303 625 3360 iu
637 3322 695 3380 qua
706 3304 764 3361 ase
777 3303 911 3381 rejicit&
919 3305 1036 3363 abdicat

75 3382 247 3442 dominium
261 3402 361 3441 rerum
377 3382 579 3442 Franciscauis
593 3402 807 3453 concessarum,
832 3384 965 3461 exceptis
979 3385 1036 3442 Ec·

73 3462 184 3532 clesiis,
201 3462 354 3532 oratoriis,
365 3461 605 3532 habitationibus,
620 3461 708 3530 vasis,
720 3462 904 3520 vestimentis
918 3461 1037 3522 &libris

72 3541 178 3599 divino
195 3540 295 3598 officio
310 3541 414 3600 dicatis
435 3547 460 3600 dr
484 3541 663 3610 dedicandis,
685 3560 739 3618 pro
754 3543 869 3598 ratione
889 3543 1037 3622 praecipde

74 3620 226 3698 allegans,
249 3618 329 3697 qudd
338 3620 437 3699 justus
452 3626 522 3681 ua'us
535 3620 805 3698 consumptibilium
824 3638 883 3677 uon
898 3625 1040 3682 consistat

74 3701 142 3759 sine
158 3698 310 3758 dominio.
