2160 4034
309 157 353 200 nu
371 155 453 201 suar
472 155 516 199 nr
534 153 688 200 uumrrrs.
918 139 981 201 tot·

62 256 90 316 1.
107 256 148 319 R.
169 257 324 337 Distingui
338 259 428 321 debet
442 259 553 338 duplex
566 257 982 321 clnuiuaudieuttumsetlieet

45 356 50 393 ι
64 337 236 409 audientes,
261 339 312 420 qui
330 349 470 399 tenentur
483 339 652 417 specialiter
664 337 809 416 impedire
823 339 983 401 detractio·

45 435 107 487 em,
122 427 155 477 et
170 417 274 489 ineos,
309 418 339 477 ui
350 439 408 478 non
423 418 593 496 obligantur
607 418 775 496 specialiter
788 418 944 497 impedire.

62 494 113 555 11.
125 496 187 570 Qui
196 441 364 576 speciaiiter
373 508 513 557 tenentur
521 497 675 575 impedire,
686 517 752 575 mg.
765 499 882 557 ratione
893 497 982 558 officii

45 573 70 633 el
85 578 194 646 statiis,
209 587 332 654 peccant
346 578 593 655 proportionatim
605 577 642 635 ad
652 580 830 654 grauitatem
840 576 978 650 infamiae,

45 664 130 714 intra·
140 655 301 733 justitiam,
314 656 340 715 si
354 657 493 715 omittant
507 655 651 734 impedire
664 656 728 715 sine
737 656 822 734 justa
835 675 932 716 cansa.

61 733 126 794 111.
149 735 324 807 Auditores,
364 735 395 793 ni
409 754 467 794 non
482 745 622 794 tenentur
642 735 810 812 specialiter
824 736 979 814 impedire,

44 812 204 906 ividuntur
218 815 247 872 in
262 826 324 875 tres
339 758 456 886 diesseS,
483 825 573 893 prout
595 814 707 874 scilicet
720 814 826 874 modus
840 815 980 877 audiendi

44 912 164 952 rversns
177 903 233 953 est.
638 939 641 945 .

63 971 123 1033 lv.
146 973 249 1033 Prima
262 973 363 1033 classis
377 983 423 1034 est
446 992 558 1043 eorum,
582 973 633 1052 qui
646 972 773 1032 influunt
793 974 856 1034 sive
870 992 977 1053 coope-

45 1062 131 1112 antur
157 1053 344 1124 detractioni,
365 1052 577 1131 interrogando
598 1053 636 1112 de
657 1052 781 1112 aliorum
804 1053 979 1126 defectibus,

45 1130 233 1212 olloquendo,
243 1133 377 1203 ridendo,
388 1147 440 1192 aut
448 1132 535 1191 aliter
543 1131 677 1192 exterius
687 1132 903 1211 applaudendo,
917 1152 976 1215 qno

45 1221 68 1280 t,
88 1223 123 1271 ut
137 1211 216 1271 alter
238 1222 394 1272 moveatur
416 1211 455 1270 ad
477 1211 691 1272 detractionem
713 1212 908 1272 inchoandam
928 1212 978 1272 vol

45 1291 274 1351 ontinuandam:
297 1292 328 1349 hi
341 1291 467 1369 proinde
491 1300 613 1370 peccant
634 1301 738 1351 contra
751 1289 911 1369 justitiam,
932 1303 977 1352 te·

45 1380 190 1449 entnrque
204 1392 258 1431 suo
269 1372 374 1431 ordine
382 1370 420 1431 ad
428 1371 662 1431 restitutionem.¹
693 1372 820 1431 Peccant
831 1381 976 1449 praeterea

45 1460 144 1510 aurato
167 1451 298 1510 scandali
320 1460 458 1530 respectu
482 1450 677 1520 detractoris3
696 1452 767 1530 quia
789 1451 978 1510 consentiunt

45 1528 85 1606 jue
99 1540 227 1608 peccato
237 1540 379 1611 tanquam
393 1549 488 1591 causae
501 1529 672 1602 inductiva,
686 1529 759 1589 item
772 1540 909 1610 respectu
923 1529 977 1590 ali·

45 1629 106 1669 rum
119 1609 317 1681 audientium,
338 1610 363 1670 si
376 1609 484 1669 adsint.

56 1689 98 1748 V.
116 1689 255 1748 Secunda
268 1689 369 1749 classis
383 1700 430 1749 est
443 1709 555 1760 eornm,
579 1688 631 1783 qui
643 1688 726 1749 nullo
739 1688 829 1749 modo
849 1689 978 1771 influunt

45 1767 292 1839 ldetractionem;
305 1768 359 1828 sed
370 1779 468 1828 tamen
478 1769 623 1828 detractio
633 1770 677 1829 eis
687 1768 785 1848 placet
805 1779 824 1808 “
833 1769 976 1842 interne,”

45 1867 49 1904 ;
61 1846 104 1907 de
119 1848 227 1908 eadem
241 1848 272 1907 in
292 1849 380 1909 corde
396 1848 592 1919 delectantur,
616 1868 646 1907 v.
657 1869 689 1927 g.
702 1849 772 1929 qnia
784 1849 854 1908 odio
867 1848 979 1909 habant

45 1927 105 1985 inm
121 1927 172 1987 oui
186 1927 372 1987 detrahitur:
393 1927 425 1985 hi
438 1937 562 2006 peccant
575 1926 639 1987 solo
651 1927 761 1987 affectu
775 1938 879 1987 contra
887 1926 977 2006 justi·

45 2025 111 2065 rmz
144 2007 225 2066 unde
249 2028 308 2065 non
336 2017 476 2067 tenentur
497 2008 535 2066 ad
561 2006 792 2066 restitutionem.
846 2007 976 2068 Peccant

45 2085 111 2144 iam
123 2097 230 2146 contra
238 2086 413 2146 charitatem
424 2096 562 2165 respectu
572 2086 749 2145 detractoris
758 2087 784 2144 a
794 2086 976 2160 audentium,

45 2164 137 2224 ilicet
151 2177 256 2226 contra
269 2176 448 2244 praeceptum
464 2165 660 2244 correptionis
673 2165 822 2236 fraternus,
837 2184 906 2225 casn
915 2185 975 2248 quo

45 2255 187 2305 ›tuernnt
197 2246 411 2305 detractionem
420 2244 579 2325 impedire;
599 2245 672 2305 item
686 2254 756 2304 tnnc
769 2255 893 2325 peceant
905 2265 975 2306 oon·

45 2345 64 2383 a
78 2324 260 2384 charitatem
273 2337 411 2403 respectu
423 2325 525 2403 ipsius,
549 2324 597 2383 cui
610 2324 788 2397 detrahitur,
807 2345 867 2384 non
881 2325 974 2405 impe·

45 2404 132 2464 tendo
145 2404 285 2463 damnum
299 2406 363 2482 ejus
377 2405 471 2463 famae.

54 2483 116 2545 vl.
139 2484 245 2544 Tertia
258 2483 358 2543 classis
372 2495 419 2544 est
432 2503 544 2554 eorum,
565 2483 617 2566 qni
630 2502 686 2543 nec
698 2483 823 2544 externe
837 2483 973 2556 influunt,

45 2583 73 2622 ec
87 2563 207 2622 interne
222 2563 407 2623 delectantur
421 2564 458 2623 de
473 2562 665 2634 detractione,
681 2565 734 2623 sed
744 2574 844 2622 tamen
855 2583 912 2622 non
927 2582 974 2623 re·

45 2651 142 2714 stunt,
155 2645 182 2701 du
201 2643 357 2721 negligunt
371 2643 568 2703 detractorem
583 2645 744 2722 corripere,
770 2642 821 2702 nbi
835 2650 975 2720 poterant

45 2743 51 2782 t
64 2722 232 2783 debebant:
253 2723 284 2780 hi
296 2734 418 2801 peccant
431 2734 535 2783 contra
545 2723 719 2784 charitatem
730 2733 868 2801 respectu
875 2721 974 2782 detra·

45 2802 119 2861 entis
134 2812 165 2860 et
179 2802 373 2873 audientium,
388 2803 459 2862 item
474 2813 612 2881 respectu
625 2802 713 2872 illius,
728 2803 776 2861 cni
789 2800 974 2862 detrahitnrt

45 2881 148 2941 td'non
171 2892 295 2959 peccant
317 2891 420 2941 contra
438 2880 598 2959 justitiam,
621 2882 700 2943 unde
713 2891 923 2942 necterentur
936 2882 974 2941 ad

45 2961 252 3020 istitutionem.

60 3039 138 3101 VII.
160 3040 259 3100 Docet
275 3041 305 3100 S.
320 3041 427 3100 Thom.
441 3050 497 3099 art.
510 3042 539 3100 t.
564 3040 593 3099 in
615 3049 633 3079 “
644 3040 750 3118 Corp.”
769 3041 850 3120 quod
863 3040 895 3099 hi
908 3039 971 3118 ple·

45 3139 148 3199 umque
162 3130 285 3197 peccent
298 3120 414 3177 tantum
428 3119 594 3190 venialiter,
607 3120 758 3192 nimirum,
772 3121 798 3178 si
812 3140 850 3179 ex
864 3139 972 3198 magna

45 3199 201 3258 erecnndia
215 3210 266 3258 aut
276 3199 520 3277 pusillanimitate
534 3219 592 3259 non
607 3199 736 3259 audeant
749 3201 909 3278 corripere,
923 3198 971 3257 vel

45 3279 174 3357 irripere
188 3299 247 3337 non
262 3279 377 3356 possint
395 3280 459 3337 eine
472 3278 598 3337 notabili
611 3299 665 3338 auo
679 3279 882 3347 incommodo;
902 3279 973 3369 quia

45 3369 205 3436 conceptum
228 3358 423 3435 correptionis
446 3359 585 3418 fraterne
608 3359 757 3418 ordinarie
778 3378 838 3418 non
859 3355 972 3435 obligat

45 3457 84 3497 rm
100 3437 187 3515 gravi
202 3437 391 3515 corripientis
405 3437 602 3497 incommodo.

56 3518 191 3577 Possunt
199 3527 298 3575 tamen
310 3517 487 3597 quandoque
495 3536 618 3594 peccare
628 3516 808 3577 mortaliter:
831 3517 876 3574 10.
887 3515 970 3575 Dum

45 3596 161 3656 {officio
172 3606 311 3655 tenentur
322 3595 537 3655 detractionem
546 3597 710 3676 impedire:
732 3598 779 3653 2⁰.
792 3595 823 3655 si
838 3594 974 3655 aitvalde

45 3693 107 3735 rox
120 3674 244 3734 infamia
257 3685 309 3734 ant
323 3695 361 3734 ex
376 3674 426 3733 illa
439 3694 532 3753 graue
551 3677 662 3739 malum
683 3674 837 3736 immineat
856 3675 978 3747 detrac-¹
1006 3636 1020 3715 i

45 3754 85 3829 ri,
107 3753 155 3817 vel
170 3753 224 3828 illi,
245 3755 292 3815 cui
306 3753 437 3815 detrahit
474 3794 483 3816 .
960 3762 977 3789 ’-

851 3922 862 3971 i
