2160 4034
358 163 405 206 ns
417 162 501 208 suns
514 163 556 206 nr
572 162 728 207 sossium.
990 141 1028 198 55

95 258 1022 344 Prediorumrustioornm,idesteorum,querusticumusum

62 337 179 412 hebent,
194 344 360 404 servitutes
373 355 443 405 sont
456 346 519 406 hus
540 346 606 416 iter,
618 357 710 416 actus,
725 345 782 415 via,
796 343 1021 421 aque-ductus:

65 418 165 497 quihus
194 434 433 484 annumerantur
459 426 689 503 aquas-haustus,
713 423 830 502 pecoris
852 422 890 484 ad
914 438 1023 500 aquam

64 498 212 577 pulsus,
228 502 285 580 jus
297 504 449 582 pascendi,
472 525 569 565 arenae
583 504 742 574 fodiendae,
763 505 816 562 dre.

125 580 289 653 otandnm‚
310 584 419 644 multos
437 586 606 645 unitates
618 605 674 643 usu
688 582 770 653 oriri,
791 589 817 641 dl
827 590 933 661 postea
944 599 1021 660 prae·

64 657 224 736 scriptione
234 661 359 734 minari,
377 669 431 723 &a
471 664 548 724 Item
560 683 618 723 non
629 684 685 723 usu
695 661 771 732 tolli,
792 664 819 720 dc
832 671 1019 740 posteaprae·

49 804 51 811 Ι
65 736 223 813 scriptione
234 742 344 812 amitti,
364 742 454 802 modo
465 743 580 803 occasio
594 743 698 802 utendi
709 741 847 801 adfuerit.

49 842 51 885 Ι
89 815 141 877 Do
156 820 366 899 emphyteusi,
386 822 487 894 feudo,
497 823 675 902 hypotheca,
696 821 860 899 &pignore
874 817 974 897 agitur
987 817 1020 877 in

63 898 193 974 sequenti
221 899 370 961 Tractatu
402 902 471 961 “de
499 900 734 962 Controetibus.”
785 900 902 960 Ibidem
929 898 1020 957 etiam

61 976 150 1053 igitur
165 976 208 1038 de
224 978 419 1051 habitatione,
440 981 491 1041 ubi
503 981 541 1041 de
554 982 713 1052 locatione,
734 980 940 1041 conductione.

271 1138 313 1198 N.
331 1141 381 1199 86.
422 1138 483 1200 DE
503 1139 806 1202 POSSESSIONE.
860 1137 864 1146 '

53 1252 70 1311 l.
88 1250 258 1317 Possessio,
299 1257 342 1319 11.
360 1258 420 1320 Eu
429 1258 542 1337 duplex.
584 1259 645 1319 III.
663 1261 757 1322 Juris.
800 1260 856 1321 IV.
875 1259 1015 1338 Etsacti.

81 1332 125 1393 V.
155 1337 395 1409 Qaoedios'ditur,
435 1338 492 1400 VI.
513 1338 553 1397 In
565 1340 732 1408 naturalem,
787 1338 862 1401 VIL'
887 1338 1016 1399 Civilem.

82 1411 186 1473 VIII.
222 1414 269 1476 Et
299 1418 499 1478 civilcesimmo.
563 1417 620 1477 IX.
653 1418 825 1496 Aequiritor
857 1417 1014 1496 tripliciter.

83 1490 130 1551 X.
152 1492 389 1574 Appreteoione
413 1501 489 1568 werd,
532 1494 590 1557 xl.
611 1497 706 1567 Foco,
754 1497 831 1557 XII.
851 1498 896 1556 Et
917 1498 949 1555 di
982 1516 1013 1555 o·

81 1574 190 1631 sitione
220 1574 321 1652 lequm
371 1575 466 1636 XIII.
514 1574 601 1637 Varie*
633 1579 782 1638 omittitur.
825 1576 916 1638 xlv.
957 1577 1013 1654 jus

77 1652 259 1731 privilegia.

88 1774 211 1848 QUID
231 1784 279 1835 est
295 1777 469 1856 possessio?

86 1853 115 1912 1.
136 1855 179 1915 R.
203 1855 263 1914 Est
284 1865 368 1919 actus
390 1857 437 1918 rel
455 1856 507 1936 jus
521 1856 679 1917 insistendi
691 1858 753 1915 rel:
775 1857 877 1915 &hec
891 1866 938 1917 est
947 1878 1015 1938 pos·

53 1933 144 1994 sessio
165 1935 342 1997 formaliter
351 1945 488 2018 sumptas
508 1937 667 2016 aliquando
681 1936 808 1996 sumitur
821 1938 1015 1998 materialiter

54 2014 384 2094 proipsarepossessa.

90 2094 275 2174 Quotnplex
284 2106 332 2156 est
365 2096 520 2158 ossessio?

90 2171 132 2231 ll.
153 2174 198 2233 R
213 2176 273 2234 Est
283 2117 404 2255 duplis
415 2176 529 2236 scilicet
548 2183 566 2214 ‘⁴
572 2175 668 2253 juris’'
682 2176 737 2234 &“
747 2174 819 2234 faeti
828 2175 853 2234 :”
866 2178 1015 2254 possessio

54 2252 118 2311 fecti
126 2264 188 2322 est,
197 2266 291 2326 actus,
304 2274 364 2335 quo
374 2256 441 2338 quis
450 2275 514 2315 rem
523 2256 666 2335 possidet,
672 2253 872 2315 abstrahendo
880 2276 917 2314 an
922 2256 1015 2334 juste,

58 2351 88 2389 m
99 2331 236 2410 injustez
251 2344 282 2393 et
300 2335 364 2396 haec
377 2335 527 2395 ordinarie
541 2334 719 2412 intelligitur
739 2334 859 2393 nomine
872 2335 1015 2412 possessi-

59 2411 122 2471 ouis.
170 2412 328 2474 Possessio
337 2414 416 2494 juris
425 2425 472 2475 est
479 2415 604 2474 munitm
613 2415 676 2474 sive
685 2424 816 2492 potestus
829 2413 1013 2491 possidendi.

89 2490 229 2550 Possunt
243 2493 300 2553 illae
316 2494 380 2554 duae
396 2496 598 2573 possessiones
619 2514 683 2554 esse
703 2493 800 2563 simul,
821 2495 848 2551 dc
861 2494 953 2552 etiam
967 2513 1014 2552 se-

61 2580 182 2646 paratae:
205 2583 277 2631 sunt
301 2572 396 2645 simul,
419 2573 490 2633 dum
512 2574 660 2633 Dominus
688 2591 751 2632 rem
774 2591 856 2630 suam
879 2583 1013 2650 occupat.

61 2648 137 2708 lacti
151 2649 221 2709 sola
244 2661 299 2722 est,
324 2651 395 2711 dum
422 2653 472 2713 fur
499 2652 634 2731 possidet
657 2672 721 2711 rem
750 2650 908 2710 furtivam:
935 2650 1015 2727 juris

62 2728 112 2787 sola
124 2740 183 2801 est,
208 2730 282 2790 dum
304 2732 453 2792 DomInos
475 2732 587 2793 insistit
599 2733 654 2803 rei,
676 2751 764 2811 qnam
784 2730 860 2789 alius
881 2729 919 2789 de
933 2730 1013 2791 facto

63 2827 122 2867 occu
146 2819 189 2868 at.

91 2828 175 2964 Qriid
191 2897 242 2949 est
254 2890 404 2968 possessio
411 2890 514 2968 juris?

91 2966 152 3026 III.
175 2969 220 3028 R.
240 2969 299 3027 Est
306 2968 359 3048 jus
368 2970 524 3030 insistendi
538 2971 583 3029 rei
593 2979 732 3047 tanquam
747 2988 818 3040 sue,
839 2988 898 3028 non
912 2969 1014 3049 prohi-

60 3046 118 3107 bite
136 3047 302 3125 possideri.
401 3050 405 3061 ’

89 3126 218 3185 Dicitur
237 3134 256 3165 “
262 3127 342 3206 jus,''
355 3148 469 3200 verum,
479 3129 527 3188 vel
536 3130 565 3186 ln
573 3129 641 3187 foro
650 3137 776 3186 externo
785 3137 1012 3207 praesumptum

52 3203 150 3288 sicque
162 3206 678 3288 distinguitnrapossessionefactis
693 3218 711 3245 ‘⁸
720 3207 902 3276 insistendi‚”
916 3208 1011 3281 idest,

49 3285 170 3363 pacifice
186 3287 216 3344 e
230 3297 401 3346 constanter
413 3288 584 3347 detinendis
606 3297 625 3325 “
635 3285 706 3357 rel,'’
726 3306 786 3344 non
800 3285 895 3344 soldm
907 3305 1012 3362 eorpo-

50 3364 111 3435 ruli‚
124 3366 181 3423 sed
192 3368 284 3424 etlam
295 3367 487 3446 incorporalis
508 3377 526 3407 ‘⁴
535 3377 674 3445 tanquam
685 3364 771 3434 snm,’'
786 3375 819 3423 ut
828 3365 1012 3442 significetur

50 3445 204 3522 possessio
228 3447 349 3506 nomine
376 3448 508 3527 propri0‚
529 3466 589 3506 non
610 3446 725 3504 alieno:
755 3452 773 3482 “
781 3463 839 3502 non
853 3442 1013 3519 prohibite

49 3534 66 3561 ‘¹
78 3524 264 3603 possideri,’'
284 3527 427 3605 quianon
441 3527 529 3586 datur
541 3525 690 3604 possessio
711 3533 814 3582 contra
822 3521 901 3599 juris
915 3522 1016 3601 dispo·
1044 3550 1054 3579 ι

50 3604 215 3663 sirionem:
237 3605 372 3668 italocus
382 3626 465 3672 socer
477 3608 497 3666 d
509 3605 585 3665 lalco
599 3624 653 3666 nec
671 3604 709 3664 de
717 3602 796 3682 jure,
817 3620 872 3661 neo
883 3601 921 3664 de
934 3602 1015 3663 facto

49 3684 202 3760 possideri
216 3695 328 3765 potest.
465 3689 471 3702 '
1011 3700 1015 3709 ·

509 3766 569 3826 n3
