2160 4034
262 182 736 229 orcorrnacrmorrnsrrore.
914 169 974 230 erl

61 284 128 347 111.
149 288 190 349 R.
211 290 363 365 Quantum
385 289 426 350 ad
444 298 562 351 montes
584 289 673 369 primi
693 288 823 368 generis,
848 289 913 349 Leo
934 288 978 348 X.

39 380 85 424 on
108 367 206 428 aoldm
229 369 405 448 approbavit
428 389 479 429 coa
503 379 537 427 ut
559 369 657 430 licitos
677 369 798 447 etpioe,
819 368 981 441 sedetiam

37 445 200 517 acuarit,
219 469 275 507 nec
288 449 358 508 maii
372 449 499 527 speciem
514 468 575 526 pra·
588 468 620 508 ac
633 448 724 519 ferre,
746 467 802 507 nec
813 446 875 507 ulio
888 458 975 525 pecto

37 524 201 602 btprobari,
222 527 292 587 dum
305 548 360 605 pro
379 528 554 603 neceesariia
577 527 718 606 impensis
738 527 869 605 ipsorum
893 546 977 585 mon·

37 601 102 662 ium
116 616 149 664 et
161 606 364 665 ministrorum
387 606 507 685 aliquod
531 607 716 666 moderatum
737 605 879 684 recipitur
898 604 978 665 ultra

37 695 139 742 ortem
153 687 264 767 absque
277 686 359 744 lucro
373 686 544 745 eorumdem
558 688 713 745 montium.
739 706 743 715 ·

64 760 184 823 Eadem
209 763 326 824 ratione
352 765 472 824 defendi
498 768 623 844 possunt
653 776 770 824 montes
797 765 919 823 secundi
945 774 977 822 at

37 843 111 901 ertii
125 844 255 921 generis,
275 844 334 903 nisi
347 843 437 922 qudd,
457 864 523 903 cum
537 854 674 904 constent
696 845 829 923 pecuniis
852 843 893 902 ad'
910 863 980 902 cen·

37 939 93 981 nrm
107 921 224 992 ieratis,
244 922 334 1002 longe
347 923 443 1000 majus
456 923 601 982 interesse
619 923 694 983 solvi
708 921 831 992 debent,¹
844 942 933 1003 quarn
944 922 976 981 in

37 999 177 1061 uentibus
195 1002 315 1062 Italicis.
357 1002 437 1065 Vide
456 1002 543 1081 plura
562 1003 641 1082 apud
656 1003 801 1073 Herincx,
822 1003 871 1061 De
885 1002 976 1080 Gooq.

37 1076 188 1151 Deciman,
208 1088 259 1140 &c
623 1128 628 1135 .
981 1124 985 1131 -

66 1159 150 1233 Quid
165 1160 342 1219 censendum
357 1160 394 1220 de
407 1159 590 1220 lombardis?
981 1204 985 1211 -

64 1236 290 1299 lit-'Lombardi
310 1249 395 1318 erant
408 1241 535 1307 usurarii
556 1239 678 1318 publici,
702 1244 757 1319 pro
772 1238 879 1318 majori
887 1248 977 1318 parte

37 1317 146 1376 triundi
170 1339 209 1378 ex
234 1319 328 1379 ltaliae
351 1318 475 1396 regione
495 1319 706 1396 Longobmdt‘o.
746 1319 859 1378 Tantae
872 1337 978 1378 namet

37 1396 256 1474 exigebant-ut
276 1404 354 1458 anno
378 1401 464 1471 1600,
487 1399 585 1458 edicto
611 1408 781 1458 nostrornm
805 1397 977 1476 Principum

37 1476 120 1536 tatui
147 1476 350 1547 debueritne
377 1477 443 1557 plue
469 1478 636 1555 exigerent,
669 1480 757 1556 quem
785 1481 824 1537 22
846 1477 877 1535 in
904 1480 980 1549 leoz

37 1573 92 1613 :um
119 1558 191 1615 verb
213 1559 363 1617 erectione
386 1557 530 1616 montium
551 1574 599 1616 res
623 1558 753 1635 ipsorum
778 1577 836 1616 non
850 1556 984 1634 amplius-

37 1645 68 1695 ta
96 1635 299 1706 succederent,
330 1636 504 1730 inceperunt
529 1649 665 1695 mutuum
692 1637 764 1695 dare
790 1635 845 1693 sub
871 1635 976 1694 iisdem

37 1713 256 1786 :ouditionibuu
277 1715 332 1775 rub
356 1715 463 1793 qulbus
486 1727 602 1774 montes
623 1715 759 1794 pietatisz
781 1726 817 1774 et·
832 1715 875 1772 ita
888 1713 978 1773 variis

37 1811 54 1850 n
78 1792 156 1852 locis
178 1794 263 1853 fuere
283 1794 449 1872 approbati,
476 1794 564 1853 modd
589 1795 619 1852 in
644 1814 676 1852 ee
698 1794 881 1872 susciperent
898 1811 977 1853 onus

37 1883 57 1930 et
70 1871 287 1951 obligationem
302 1873 390 1933 dandi
413 1882 549 1954 mutuum
563 1874 670 1952 cuique
693 1875 807 1952 petenti
831 1872 885 1932 rub
899 1872 978 1931 suffi-

37 1949 120 2009 tenti
145 1953 278 2030 pignore,
299 1963 331 2011 et
354 1954 470 2013 ratione
496 1972 703 2031 expensorum,
730 1955 783 2012 dcc.
812 1953 873 2012 acci
928 1960 981 2011 eut

37 2030 204 2123 ructaripm,
235 2043 325 2111 propt
345 2031 496 2113 ‘Princept
522 2041 575 2113 erut
600 2032 797 2111 Megirtratna
828 2034 865 2109 ju
888 2032 982 2091 'caret

37 2127 198 2169 :onvemre
397 2129 409 2145 “
928 2139 932 2145 ·

85 2356 89 2361 '
112 2346 175 2409 No.
196 2349 325 2409 52.'DE
347 2348 616 2411 CONTRAGTU
637 2346 906 2409 sueinTA'rls.

37 2508 54 2566 ι.
80 2506 249 2568 &mactus
270 2476 408 2567 create
449 2506 491 2567 ιι.
508 2472 676 2586 'rt-apeme}
695 2507 765 2566 rnen·
777 2515 875 2584 poor.
916 2503 977 2564 111.

323 2587 459 2679 Serretie
469 2587 683 2647 condtttonibur.
754 2590 759 2597 '
788 2618 791 2623 ·

69 2736 244 2819 QUlDeat
257 2754 426 2805 contractus
440 2747 613 2806 societatis?
667 2806 671 2813 ,
733 2794 762 2803 ,.
807 2788 811 2797 .

71 2823 97 2883 l.
118 2823 157 2882 R.
180 2823 312 2884 Societas
326 2825 490 2902 generatim
516 2837 561 2884 eet
575 2836 692 2903 pactum
707 2823 744 2882 de
758 2821 905 2882 communi
920 2820 978 2882 fine

37 2901 210 2962 obtinendo:
233 2904 366 2964 Societas
379 2905 600 2983 negotiationis,
613 2904 651 2962 de
662 2923 720 2982 qua
729 2902 777 2960 bic
790 2902 899 2980 egitur,
912 2919 979 2979 pta·

37 2983 86 3042 rim
101 2981 258 3044 definitur:
279 2985 404 3042 duorum
428 2984 476 3042 vel
499 2983 628 3062 plurium
640 2982 809 3041 conventio
829 2979 979 3040 contribu-

37 3063 145 3122 entium
157 3062 269 3142 aliquid
287 3064 326 3123 ed
346 3082 500 3122 commune
520 3061 644 3121 lucrum.
685 3059 816 3120 Perinde
836 3071 892 3133 eat,
915 3059 982 3120 aive

37 3138 219 3201 contribuant
233 3142 395 3220 pecuniam,
416 3143 478 3201 eive
493 3141 668 3200 industriam
686 3151 738 3199 eut
750 3138 892 3209 laborem,
916 3138 981 3196 aive

37 3219 120 3279 diam
143 3240 207 3280 rem
229 3223 325 3299 pretio
338 3221 551 3280 aestimabilem.
593 3219 651 3291 Illi,
671 3219 722 3298 qui
746 3219 824 3301 bunc
845 3228 980 3277 contrac-

37 3312 96 3359 tum
109 3299 275 3370 iniverunt,
291 3311 432 3359 vocentur
446 3301 527 3360 socii.
565 3318 568 3323 ·
981 3328 985 3337 ·

71 3378 294 3458 Quotupliciter
307 3380 377 3458 iniri
391 3390 491 3458 potest
504 3388 673 3438 contractua
687 3375 860 3437 rocietatia?
981 3402 987 3431 ·.

70 3457 116 3517 11.
136 3459 176 3518 R.
192 3452 385 3536 'Triplicitert
409 3461 444 3516 10
460 3457 708 3537 Quandosinguii
722 3457 877 3515 conferunt
891 3468 988 3531 pecu-

37 3536 120 3609 niam,
142 3537 318 3598 industriam
331 3549 362 3599 et
374 3536 517 3612 laborem,
538 3547 570 3599 et
584 3538 692 3599 dicitur
708 3535 833 3596 societas
846 3531 971 3611 ejusden

37 3617 168 3679 rationis.
221 3666 254 3677 ..
332 3666 336 3673 .
