2182 4036
51 121 67 363 ἱ
329 129 384 227 ¹ors
403 184 484 228 suna
504 183 547 227 sn
566 180 719 228 rusmrra.
844 175 846 178 ’
968 175 1008 231 97

63 326 76 355 ι

88 283 143 345 An
158 295 207 345 est
220 288 334 348 licitum
348 289 508 349 restituero
522 289 704 367 paralium?

87 362 128 424 R.
150 366 359 428 Affirmativb:
380 369 468 427 modo
483 368 542 438 ille,
557 369 604 426 cui
615 367 766 428 restitutio
779 368 915 427 facienda
925 391 1004 429 com-

79 440 192 515 'ttitur‚
215 446 254 504 sit
269 447 340 506 satis
354 447 459 517 fidelis,
481 458 515 506 ut
535 467 583 507 res
604 467 670 505 cum
691 448 800 507 effectu
815 448 935 508 domino
949 470 1003 510 suo

51 436 246 611 tumetum
268 525 358 605 idque
372 528 450 604 saepe
465 527 561 603 exigit
575 527 762 586 conservatio
775 526 871 588 famae.

87 602 181 662 Circa
202 604 259 663 boc
279 606 415 664 attendat
445 606 651 666 confessarius
682 606 826 666 monitum
851 609 880 667 S·
903 607 1002 667 Caroli

95 683 220 741 rromaei
232 694 308 761 part.
320 688 348 744 2.
360 705 423 762 cap.
434 687 481 742 20.
522 685 658 763 “Neque
668 685 807 763 pecunias
818 685 922 756 aliave,
937 707 1002 767 quae

77 760 494 839 bpoenitente-restitueuda
513 774 592 835 sunt,
621 766 749 842 propriis
770 765 898 824 dominis
919 766 949 823 in
970 787 1002 825 se

76 842 422 919 provinciam'reddendi
434 853 573 913 assumat,
583 843 639 902 nisi
650 845 810 903 necessitas
819 845 850 903 id
862 846 1002 924 requirat,

71 928 116 978 ut
137 919 280 981 videlicet
300 923 357 981 hoc
377 923 466 981 modo
486 923 633 1001 poenitens
653 943 712 980 nou
734 925 894 1001 prodatur:
922 927 1003 1005 quod

51 997 151 1069 Pcdm
167 1002 227 1059 erit
247 1001 284 1059 ab
299 1023 335 1061 eo
348 1003 470 1072 iactum,
492 1012 577 1060 curet
598 1013 631 1060 ut
650 1003 685 1071 is,
707 1004 754 1061 cui
776 1023 839 1061 rem
860 1004 1001 1074 restituit,

51 1074 326 1159 :dchyrographum
347 1101 433 1139 suum
453 1082 483 1138 in
504 1082 708 1140 testimouium
727 1082 754 1141 ei
769 1083 946 1152 contribuat,
968 1096 1001 1142 ut

51 1156 159 1216 *illud
173 1161 331 1236 poenitenti
346 1160 518 1238 consignet:
539 1181 573 1219 ac
592 1160 681 1238 plane
695 1180 731 1218 eo
746 1161 834 1219 modo
849 1162 1000 1239 procedat,

51 1238 116 1296 tut
132 1255 252 1296 ornnem
267 1240 394 1317 speciem
408 1261 443 1298 ac
457 1240 574 1318 signum
589 1240 720 1312 avaritiae
734 1242 945 1319 superfugiat.”

54 1372 57 1377 .
87 1314 127 1375 In
141 1317 201 1393 boc
211 1319 419 1398 chyrographo
431 1339 489 1377 nou
503 1330 603 1398 potest
614 1320 677 1396 ipse
690 1321 836 1396 poenitens
846 1322 1002 1391 nominari,

51 1395 259 1474 &prohibere
280 1399 370 1458 debet
391 1401 472 1457 omni
493 1399 583 1459 modo
606 1399 820 1469 confessarius,
850 1421 887 1458 ne
908 1403 933 1460 is
954 1403 1002 1461 cui

51 1474 205 1536 restitutio
219 1477 263 1548 fit,
277 1478 307 1535 in
322 1495 488 1556 personam,
504 1477 587 1557 cujus
600 1479 720 1536 nomine
733 1478 777 1547 fit,
789 1480 928 1557 inquirat.

90 1554 176 1628 Quid
186 1558 212 1614 si
224 1557 428 1617 confessarius
438 1558 486 1616 vel
494 1557 570 1616 alius
578 1577 617 1616 ex
626 1556 828 1617 oblivionevel
839 1579 877 1618 ex
887 1561 1001 1620 malitia

51 1630 108 1693 rtbi
121 1634 262 1706 retineat,
277 1639 356 1719 quod
370 1637 587 1696 restituendum
602 1636 739 1713 accepit?

51 1762 54 1767 .
82 1713 153 1789 ΙΙΙΙ.
175 1715 214 1774 R.
236 1715 267 1775 Si
287 1717 439 1776 restitutio
454 1717 493 1774 sit
508 1715 609 1774 debita
622 1716 711 1774 titulo
725 1716 769 1774 rei
791 1727 918 1793 acceptae
936 1728 1000 1778 tan-

51 1789 125 1863 mm,
135 1799 162 1852 u
173 1814 221 1852 res
230 1795 332 1856 eadem
344 1797 375 1854 iu
387 1815 419 1855 se
430 1815 482 1854 seu
493 1796 522 1853 iu
534 1795 631 1872 specie
641 1793 793 1864 reddatur,
802 1807 872 1854 tunc
882 1797 916 1855 fit
925 1801 1003 1875 peri-

55 1870 119 1930 culo
128 1873 223 1952 ipsius
233 1875 354 1947 domini,
370 1875 460 1934 modo
477 1875 638 1933 restituens
649 1875 798 1933 remiserit
808 1895 871 1933 rem
883 1896 936 1953 per
950 1879 1001 1938 bo·

56 1948 165 2010 minem
178 1974 264 2033 quem
277 1957 439 2033 prudenter
443 1954 666 2033 judicabatrem
676 1953 796 2012 domino
808 1955 1003 2017 redditurum.

93 2031 184 2104 Quod
198 2033 222 2090 si
237 2054 300 2092 rem
315 2035 440 2092 alienam
455 2055 514 2093 non
528 2033 636 2092 habeat
650 2033 679 2091 in
694 2035 803 2113 specie,
818 2035 870 2093 sed
884 2036 999 2096 tentum

56 2108 84 2166 iu
102 2113 302 2190 aequivalenti‚
335 2134 458 2192 eamque
483 2111 673 2191 perfidelem
696 2116 832 2171 nuntium
857 2117 1000 2187 remittat,

57 2189 228 2266 quibusdam
243 2192 350 2270 placet,
371 2203 442 2252 tunc
455 2193 676 2252 restitutionem
688 2192 753 2251 fieri
768 2193 900 2270 periculo
914 2196 999 2255 resti·

56 2270 181 2329 tuentis:
203 2271 256 2330 sed
276 2272 434 2331 dicendum
456 2292 520 2331 eam
541 2272 606 2332 fieri
627 2271 759 2349 periculo
785 2273 872 2342 illius,
898 2277 945 2332 cui
965 2277 1000 2334 fit

55 2348 220 2419 restitutio;
241 2353 310 2430 quia
323 2352 486 2411 intervenit
505 2360 623 2429 pactum
644 2351 831 2427 negotiorum
847 2355 1000 2429 gestionis‚

56 2445 111 2507 quo
124 2430 290 2506 periculum
303 2433 348 2489 rei
362 2431 531 2495 devolvitur
549 2431 586 2489 ed
600 2430 761 2502 dominum,
783 2431 866 2509 cujus
880 2436 1001 2512 negotis

92 2519 208 2567 runtur.

56 2522 126 2646 82²Si
141 2592 212 2648 verb
226 2591 379 2649 restitutio
397 2589 500 2649 debita
515 2591 554 2649 sit
574 2588 663 2648 titulo
678 2588 795 2666 injustae
811 2592 998 2668 acceptionis,

56 2673 122 2724 tuuc
135 2667 170 2724 fit
180 2670 312 2746 periculo
326 2671 520 2739 restituentis,
532 2672 575 2728 ita
587 2679 621 2727 ut
636 2668 839 2748 undecumque
848 2671 1000 2750 contingat

56 2745 272 2808 restitutionem
293 2770 357 2807 curn
373 2749 481 2808 effectu
494 2750 614 2808 domino
629 2767 687 2805 noo
702 2747 776 2818 fieri,
797 2747 893 2808 adbuc
914 2754 999 2811 resti·

57 2832 137 2885 tuere
153 2826 312 2906 obligetur,
333 2831 391 2887 nisi
412 2840 500 2888 autea
519 2828 605 2906 plene
620 2827 740 2885 omniuo
754 2828 833 2904 apud
847 2828 999 2890 domiuum

55 2921 165 2963 moram
179 2918 346 2985 purgasset,
369 2909 415 2967 vei
431 2908 567 2967 dominus
581 2906 663 2964 ilium
679 2906 799 2964 tertium
818 2908 1000 2985 deputasset,

55 2992 87 3041 ut
99 2984 157 3043 sibi
169 2989 322 3047 restitutio
343 2989 437 3057 fieret,
463 2988 509 3046 vel
524 2987 612 3045 aliter
629 2985 792 3062 periculum
812 2987 842 3044 in
856 3008 888 3047 se
903 3009 999 3050 susce·

54 3064 147 3139 perit3
167 3067 245 3125 ratio
265 3079 319 3138 est,
341 3067 420 3146 quod
435 3067 518 3126 maiae
532 3065 601 3124 fidei
615 3083 768 3142 possessor
789 3067 879 3125 etiam
891 3088 997 3128 casum

54 3141 209 3205 fortuitum
225 3158 366 3223 praestare
380 3146 496 3215 debeat,
511 3153 627 3221 utente
641 3143 752 3202 dietum
768 3156 822 3204 est.

90 3222 183 3296 Nota,
198 3226 364 3296 aliudesse,
380 3227 457 3308 quod
471 3224 608 3284 dominus
616 3224 790 3295 consentiat,
806 3235 838 3283 ut
848 3227 999 3286 restitutio

53 3301 104 3363 fiet
116 3325 172 3382 per
185 3307 325 3376 tortium;
345 3306 435 3377 eliud,
449 3315 483 3364 ut
496 3305 548 3363 iiet
561 3323 616 3382 per
625 3303 748 3362 tertium
762 3305 894 3381 periculo
907 3305 999 3383 ipsius

54 3383 176 3444 domini.

92 3463 185 3542 Cujus
200 3464 333 3543 periculo
347 3466 381 3524 fit
394 3464 546 3524 restitutio
558 3483 596 3523 ex
610 3472 763 3523 contractu
777 3461 900 3522 debita?
950 3495 953 3503 ‹

91 3543 132 3604 R.
152 3545 292 3605 Pericuio
311 3544 465 3615 debitoris,
483 3544 540 3603 nisi
562 3544 692 3603 creditor
709 3542 759 3601 isti
777 3543 866 3599 tertio
883 3541 1000 3602 dederit

52 3624 300 3695 commissionem,
314 3625 363 3683 vel
376 3624 463 3688 aliter
472 3623 564 3686 fuerit
578 3631 765 3697 conventum,
779 3629 831 3681 aut
845 3634 1000 3684 consuetu-

53 3702 343 3764 diueirrtroduotum.
1002 3736 1005 3743 ¹
