2160 4034
220 193 265 235 nn
284 186 367 235 sunt
385 186 427 231 nn
447 184 603 232 rusnmm.
832 166 891 238 25'5

50 288 222 367 errandum,
255 297 327 356 linet
358 295 523 375 prudenter
547 290 733 354 'obsmtrits's
758 303 894 373 tempore

62 389 166 456 petent
185 396 293 436 nomen
316 376 411 456 petris
432 375 524 453 prolis
547 373 705 432 nasciturae
728 392 769 433 ex
788 373 893 433 illisito

49 460 112 527 ritu,
125 469 160 516 nt
175 457 250 535 proli
264 457 303 515 de
317 454 534 515 sustentatione
547 474 586 512 ex
598 472 637 513 oa
647 454 895 535 perteprovideri

48 562 56 607 ;
77 536 204 618 (injure
217 537 295 594 enim
309 535 384 594 fides
397 530 524 593 hebetur
543 533 699 592 assertioni
709 533 819 612 juratur
831 554 895 593 mu·

65 617 230 695 praesertim
255 615 284 673 iu
312 625 400 692 partu
420 615 518 685 fastu,
543 612 632 672 medo
659 610 703 670 ita
725 613 897 673 nominatus

49 707 87 754 tat
110 714 143 754 se
156 714 223 753 oum
237 714 274 753 en
285 712 348 753 rem
364 694 511 763 habenisue,
535 703 587 751 snt
609 691 718 750 mulier
730 692 788 751 hoe
799 693 898 770 ipsum

49 776 169 853 epossit,
196 784 231 832 ut
243 773 338 833 fusids
352 774 447 831 videri
471 782 571 850 potest
591 770 671 850 apud
685 768 896 833 christinianum

49 855 236 913 nsuetudines
259 853 370 912 Meohl.
390 855 437 911 tit.
454 854 501 911 te.
522 862 579 911 ert.
592 851 638 931 t.)
659 862 759 909 tumen
772 870 811 911 ne
824 853 895 913 nto

49 934 93 992 aii
107 937 133 991 a
148 953 226 1012 saepe
240 932 386 1012 spirituali
401 930 495 1010 prolis
503 929 698 1000 ausemundi
720 946 723 952 ·
739 950 776 989 ue
785 931 896 991 iuoom·

50 1015 190 1082 vitentur,
200 1013 363 1091 prudenter
372 1012 522 1070 ordinavit
532 1030 609 1070 anno
623 1012 710 1069 lota
759 1010 897 1089 piaoopus

49 1093 150 1151 ,vensis
160 1112 215 1170 pro
228 1093 419 1161 suadioeoesi,
428 1108 465 1150 ue
477 1091 651 1150 obstetrioes
660 1088 800 1149 differant
810 1091 897 1170 fungi

67 1189 131 1242 suo,
153 1179 179 1231 δι
197 1172 306 1250 juvare
329 1186 500 1249 puerperas,
524 1169 613 1229 oaust
635 1168 774 1228 eiioiendi
787 1189 896 1231 nomen

49 1299 50 1312 ,
73 1253 191 1332 quondo
205 1270 244 1309 ex
258 1251 364 1309 iliioito
378 1250 535 1309 oonoubitu
553 1259 771 1326 oonoeperunt:
790 1249 897 1309 verdm

49 1332 169 1409 *postire
195 1331 314 1390 Pastori
336 1330 393 1388 loci
417 1329 594 1388 obstetrices
613 1330 774 1400 insinuent,
801 1328 898 1389 uthio

49 1430 103 1469 tem
119 1412 194 1469 huno
204 1411 335 1490 indaget,
350 1409 466 1489 &proli
476 1411 521 1468 sio
532 1407 750 1489 providendum
764 1419 859 1468 euru.

49 1573 104 1628 47.
146 1569 206 1628 DE
226 1566 535 1629 connnsennlo
556 1560 866 1628 STUPRATORIS

197 1649 290 1707 AUT
310 1646 653 1707 FORNIGATORIS.

190 1771 214 1830 1.
239 1768 454 1830 Obseruandud
472 1766 668 1848 Confeaaarit‘s.

49 1890 196 1949 'AENAM
222 1890 428 1951 confessarius
449 1889 613 1950 observare
635 1888 725 1950 debet
746 1890 825 1949 eirea
838 1900 899 1949 stu·

49 1982 101 2028 aut
114 1969 339 2028 fornioationem
351 1971 365 2029 Ρ
859 2012 862 2017 ,

49 2051 73 2109 t.
95 2049 312 2118 Confessarins,
336 2048 406 2108 dum
420 2048 504 2108 audit
517 2048 652 2127 sepulum
667 2048 830 2125 perfectam
845 2069 898 2108 seu

49 2140 123 2187 etam
137 2139 223 2187 extra
237 2128 467 2199 matrimonium,
494 2128 642 2207 inquirat:
665 2130 711 2186 10.
733 2128 783 2186 An
798 2128 897 2206 proles

49 2219 107 2278 eta,
129 2227 166 2265 un
191 2209 352 2267 secutura?
374 2209 399 2266 si
412 2207 529 2267 dioatur
549 2226 645 2287 neque
667 2216 777 2278 seouta,
798 2227 897 2287 neque

49 2308 82 2345 ra
93 2312 101 2355 ;
119 2296 190 2344 tuno
204 2287 368 2365 prudenter
380 2296 412 2345 et
424 2289 637 2364 eireumspeete
650 2286 781 2364 petetur,
801 2287 897 2347 unde·

49 2368 160 2425 isoiat?
183 2379 217 2424 ut
232 2367 257 2425 si
271 2364 350 2425 forte
361 2367 482 2425 abortus
496 2376 672 2445 proeuratus
685 2368 733 2438 sit,
747 2366 895 2446 poenitens

61 2447 84 2504 si
101 2456 277 2524 procuratus
287 2465 346 2503 uon
360 2445 409 2516 sit,
423 2466 482 2504 nou
494 2445 636 2504 addiscat.

52 2539 132 2585 utem
154 2525 396 2604 deprehendatur
419 2536 520 2584 secuta
542 2535 594 2582 unt
617 2536 755 2584 secutura
775 2524 895 2603 proles;

49 2617 173 2664 secutam
198 2608 362 2663 instruatur
385 2605 532 2684 poenitens
554 2602 592 2664 de
606 2603 789 2682 obligations
813 2604 895 2669 illam

52 2710 60 2755 ;
74 2687 152 2743 eirea
165 2696 333 2744 secuturam
344 2686 415 2743 verd
429 2683 592 2763 prudentor
602 2695 633 2761 et
642 2685 763 2743 fortiter
774 2704 895 2749 mouen-

49 2775 68 2831 t,
93 2775 126 2822 ut
150 2775 235 2824 curet
258 2783 296 2821 ue
318 2762 390 2842 quid
411 2764 481 2823 mali
494 2760 579 2823 foetui
593 2762 756 2841 contingat,
784 2762 842 2825 sed'
861 2775 894 2825 ut

56 2844 85 2901 iu
100 2843 195 2902 lucem
211 2843 326 2914 edatur,
342 2854 372 2901 et
386 2843 562 2921 tempestive
573 2843 601 2903 ei
613 2842 650 2901 de
659 2842 815 2923 Baptismo
826 2864 895 2925 pro·

49 2944 93 2981 ur.
131 2922 300 2982 Monendus
314 2922 414 2992 etiam,
428 2922 572 3016 neproles
581 2933 651 2981 nate
665 2935 832 3001 exponatur
842 2934 894 2984 aut

51 3002 238 3081 negligetur:
259 3002 332 3061 item
346 3012 379 3061 ut
402 3002 596 3080 legitimam,
621 3001 647 3061 si
660 3000 726 3063 fieri
740 3013 848 3081 potest,
864 3014 894 3065 et

49 3102 57 3140 ι
71 3081 149 3139 neela
163 3103 220 3141 uon
233 3079 360 3139 obstent.

55 3160 191 3242 Inquirat
206 3160 419 3230 confessarius
444 3180 480 3220 an
494 3159 525 3218 vi
539 3158 586 3219 vel
598 3159 705 3219 fraude
719 3171 771 3219 aut
784 3163 893 3239 impor-

49 3240 123 3299 tibus
137 3240 383 3318 aequivalentibus
394 3240 423 3296 vi
438 3238 595 3300 mulierem
606 3238 777 3300 induxerit:
792 3261 827 3298 en
837 3239 891 3299 sub

49 3321 143 3379 ssione
158 3318 357 3378 matrimonii:
382 3319 454 3377 item
469 3318 606 3378 ostendat
620 3318 818 3396 obligationes
832 3338 893 3377 res-

49 3410 203 3476 oorrnptee,
219 3409 252 3456 ut
262 3398 392 3456 numeris
404 3394 638 3475 praeoedentibus
647 3398 827 3476 explicatum
840 3408 896 3459 eat.

49 3479 138 3537 lentat
152 3479 242 3536 etiam
257 3476 474 3547 Confesserius,
489 3496 567 3554 supe
581 3480 764 3554 contingere,
779 3476 894 3555 prolem

49 3558 114 3637 equi,
126 3578 161 3616 eo
177 3558 255 3634 quod
268 3556 446 3634 impedietur
460 3555 614 3637 conceptio
622 3556 848 3637 peooetoOnnn,
858 3556 895 3617 de

49 3658 100 3696 en.
115 3657 177 3716 oap.
192 3640 243 3696 38.
260 3656 287 3695 v.
301 3638 329 3695 9.

49 3742 61 3775 ι.
82 3734 117 3775 11.
480 3732 501 3773 r
