2160 4034
250 171 295 213 ne
314 168 396 213 suaa
415 169 459 212 er
477 167 632 213 teserem.
884 157 938 217 tt·

49 314 54 332 .
77 273 121 334 R.
146 274 194 333 10.
212 273 245 334 si
255 272 526 352 iujusteimpediet
540 271 666 332 alterum
681 270 700 332 a
713 272 921 338 consecutione

49 373 83 412 us
99 353 186 424 boni,
196 353 236 412 ad
247 353 329 431 quod
334 353 398 431 jam
404 351 457 430 jus
467 351 531 410 sive
545 360 563 389 “
576 353 606 408 iu
617 350 677 420 re,''
689 351 751 412 sive
765 361 784 390 “
793 352 932 416 adrem’'.

49 474 55 500 ‚
82 442 214 491 tenetur
227 433 266 492 ad
279 433 512 500 restitutionem,
539 431 607 489 eum
621 429 714 489 violet
723 431 774 508 jus
788 431 921 495 alteriue.

49 511 166 582 toret,
181 513 208 570 si
222 521 240 550 ‘⁶
247 510 349 590 just&
362 511 452 570 talem
466 509 636 586 impediret,
650 529 678 568 v.
688 529 718 587 g.
732 510 888 588 iudignum
900 513 931 575 a.

49 591 175 651 tutione
186 591 332 663 beneficii,
346 590 385 649 ad
398 588 479 668 quod
492 588 523 648 in
537 588 604 647 foro
618 597 744 648 externo
753 587 805 667 jus
818 594 919 672 aequi·

51 751 106 807 20.
131 750 198 824 Qui
208 751 248 821 vi,
262 747 376 819 fraude,
388 746 583 817 detractione,
593 746 690 806 aliove
700 747 790 807 modo
804 747 917 827 injusto

49 828 82 886 it
102 830 239 889 alterum
254 827 493 890 &consecutione
516 825 641 903 alicujus
666 827 745 897 boni,
773 827 811 885 ad
836 831 918 908 quod

49 927 67 965 u
84 909 229 967 strictum
239 907 292 987 jus
305 906 404 977 habet,
418 926 447 965 v.
457 926 488 983 g.
497 925 658 984 pauperem
669 907 706 965 ab
717 906 916 987 elemosyna,

49 1007 95 1046 em
110 998 239 1048 tenetur
252 988 290 1046 ad
303 985 522 1046 restitutionem
534 1009 542 1054 ;
555 984 635 1063 quia,
649 986 707 1045 etsi
717 985 853 1046 talianon
864 987 916 1048 ba·

49 1086 82 1126 us
91 1068 136 1126 ad
151 1067 226 1126 illud
239 1067 357 1136 bouum,
371 1064 461 1124 habet
474 1073 574 1123 tamen
584 1065 645 1142 jus,
659 1084 697 1124 ne
708 1064 738 1122 vi
749 1064 796 1124 vel
807 1065 916 1128 fraude

49 1145 157 1218 liatur,
172 1146 306 1224 adeoque
315 1154 362 1204 eet
372 1142 515 1221 obligatio
523 1144 710 1214 restituendi,
724 1162 783 1202 non
795 1144 918 1223 quidem

49 1245 57 1282 ι
73 1224 201 1297 bonum,
225 1225 278 1285 aed
296 1224 400 1303 quenti
417 1221 498 1282 valet
511 1241 588 1301 spes,
609 1241 674 1301 qum
687 1222 774 1283 alteri
787 1242 842 1302 per
856 1225 918 1285 vim

48 1304 178 1364 taudem
193 1314 296 1382 erepta
310 1313 365 1362 est.
756 1359 759 1364 ,
919 1344 922 1362 .

49 1427 51 1439 .
72 1386 138 1442 30.
150 1385 213 1457 Qui
236 1382 362 1461 impedit
383 1381 510 1441 alterum
524 1382 543 1439 a
556 1381 765 1441 consecutione
789 1382 915 1462 alicujus

64 1463 106 1522 ad
123 1462 205 1541 quod
214 1461 266 1541 jus
279 1481 339 1520 nou
352 1461 451 1530 habet,
475 1479 530 1518 nee
550 1459 672 1519 adhibet
682 1461 780 1519 media
792 1462 917 1540 injuste,

49 1541 61 1600 i
73 1542 147 1620 quie
158 1543 229 1602 solie
242 1541 389 1620 precibus,
396 1539 541 1608 suasione,
547 1544 599 1599 &a
608 1539 728 1599 inducet
738 1548 916 1602 testatorem

49 1630 223 1690 ttameutum
247 1630 352 1690 mutet,
373 1625 399 1678 δι
412 1619 503 1678 alium
526 1618 672 1679 heredem
686 1619 831 1691 instituat,
852 1626 925 1681 non¹

49 1721 80 1759 ur
103 1700 143 1759 ad
164 1700 403 1768 restitutionem
424 1697 493 1776 quia
516 1697 593 1757 alter
616 1697 759 1756 haetenus
777 1698 828 1775 jus
851 1719 914 1760 non

49 1789 99 1850 »at
121 1800 178 1839 nee
191 1778 290 1840 medie
304 1779 415 1858 injusto
429 1777 487 1836 suit
500 1777 680 1856 impedituez
699 1787 800 1853 potest
813 1787 915 1838 temen

49 1859 101 1917 hie
114 1859 263 1918 committi
277 1867 431 1937 peceatum
440 1866 543 1918 eontra
556 1855 740 1928 charitatem,
755 1854 826 1928 odii,
835 1856 917 1918 invi·.

49 1938 194 2011 vindicte,
209 1940 261 1997 &a

49 2182 63 2235 e.
107 2177 171 2238 Du
193 2175 337 2237 cuma
358 2171 601 2248 auuursrru
622 2172 684 2232 Au
706 2149 913 2235 munaum

179 2254 377 2325 meusim
398 2251 702 2314 Aucurmoms.

49 2414 114 2492 alpe
138 2424 181 2473 eet
203 2412 315 2490 duplex.
356 2412 399 2471 II.
424 2411 597 2486 liceatque,
640 2409 699 2469 111.
728 2409 773 2470 Et
781 2412 914 2490 juridica

49 2537 51 2550 .
80 2494 157 2566 Qua
179 2494 318 2551 dividitur
359 2491 398 2551 V.
419 2489 459 2549 In
472 2491 568 2548 lutam.
609 2489 665 2548 VI.
686 2489 796 2549 levem
838 2491 911 2550 VII.

56 2573 241 2630 levissimam.
300 2568 393 2630 VIII.
438 2569 547 2642 Qm‘hm
567 2569 737 2645 aclj'unqitur
760 2569 909 2628 latissima.

49 2650 233 2710 ‚Ethtioa
274 2649 315 2708 X.
338 2648 409 2708 Sola
436 2648 600 2724 Theolopiea
626 2649 737 2706 inducit
758 2650 909 2708 restitutio·

49 2752 55 2787 t
63 2730 192 2808 proprie
204 2731 316 2787 dietam.
358 2728 417 2787 XI.
438 2727 573 2786 Jurtdz'oa
594 2725 700 2804 sufficit
712 2729 821 2804 etquis
834 2737 907 2787 tene·

49 2831 60 2858 r
87 2811 202 2866 ratione
227 2806 393 2877 contractis,
417 2807 467 2883 830.
509 2806 584 2865 XII.
618 2805 657 2864 In
680 2809 850 2866 commodato
872 2827 907 2867 ea

49 2909 80 2947 >a
94 2888 250 2946 levissima.
278 2885 371 2944 XIII.
391 2885 430 2944 Iu
442 2888 606 2964 depositum
618 2885 703 2963 cupa
716 2885 785 2944 Ietta.
812 2886 903 2947 XIV.

49 2970 172 3044 piqnore
191 2987 224 3025 ee
246 2965 331 3042 αιὶρα
349 2965 411 3024 levi.
452 2965 524 3025 XV.
543 2964 635 3044 quue
656 2975 721 3024 aute
742 2967 905 3024 sententium

49 3067 113 3105 ms.

49 3203 281 3264 IOTUPLEX
295 3202 344 3260 hie
355 3201 548 3280 distinguitur
562 3201 671 3280 eulpa?

49 3285 82 3343 lt.
108 3282 239 3360 Duplex,
262 3282 374 3341 scilieet
389 3282 571 3358 Theologiea
584 3287 610 3340 ἃ
624 3283 646 3343 J
649 3281 769 3341 uridiea.

61 3364 129 3421 Per
143 3361 258 3438 culpam
269 3361 480 3437 Theologieam
492 3361 667 3439 intelllgitur
676 3359 798 3421 formale
809 3378 908 3420 eoram

49 3450 210 3509 mucetum,
224 3440 287 3498 sive
301 3439 374 3497 illud
388 3441 427 3498 sit
441 3438 575 3510 mortale,
590 3440 652 3498 eive
666 3441 790 3499 veniale.

49 3513 60 3579 ¹.
86 3520 149 3577 Per
162 3519 277 3596 eulpam
289 3521 311 3580 J
313 3518 454 3576 uridieam
465 3518 641 3595 intelligitur
652 3519 771 3577 omissio
782 3517 906 3597 diligen-

49 3600 60 3658 l
77 3599 274 3656 avertendum
289 3599 437 3670 damnum,
453 3599 514 3657 sive
528 3597 579 3655 illa
593 3599 631 3656 sit
644 3608 796 3675 peecatum
810 3617 909 3658 coram

49 3698 112 3737 uve
134 3697 203 3737 nun.
