2160 4034
365 143 408 184 ua
428 142 677 186 cournscrmus.
942 127 1001 187 293

61 240 149 315 Qua
163 245 283 306 ratione
297 255 465 307 contractus
479 247 529 306 isti
545 245 616 326 jure
642 256 755 306 uatorrs
775 246 853 306 irriti
876 258 1001 324 possunt

49 340 101 381 ire
119 326 260 400 positivo
274 345 340 386 esse
354 327 467 386 validi?

68 399 160 463 XV·
175 406 215 467 a.
230 405 382 480 Quantum
395 405 433 464 ad
447 415 633 474 testamenta,
648 425 714 464 cum
723 405 895 465 testamenti
908 406 999 467 factio

50 484 286 545 tversimilitar
294 484 373 563 juris
382 484 567 562 positivi,vel
579 485 683 545 saltem
694 484 860 563 respublica
871 506 909 545 ex
918 483 1005 562 justa,

49 580 133 621 susa
147 562 188 623 de
202 564 287 624 honis
300 563 485 625 subditorum
511 564 668 642 disponere
691 565 795 643 possit,
816 564 888 624 satis
907 575 1001 642 patet,

49 642 199 723 uomodo
214 664 252 702 ex
266 642 461 722 dispositione
477 642 556 722 juris
570 644 689 721 positivi
703 644 817 781 acrpniri
840 646 935 722 possit
949 644 1003 703 do·

49 719 172 781 oinium
182 743 280 783 rerum
290 733 471 783 testamento
475 723 552 801 jura
560 733 674 781 naturus
683 723 750 782 insa
762 723 813 783 ido
822 723 1001 782 relictarum.

78 800 244 878 Quantum
257 802 295 861 ad
308 803 539 872 matrimonium,
550 801 669 861 videtur
685 803 826 861 Pontifex
837 822 1000 883 praesump-

49 879 156 941 hest
176 881 421 942 contrahentibus
442 881 555 941 similes
575 881 761 941 conditiones
775 881 891 940 tantilm
910 881 1000 961 adjici

49 958 243 1031 atmodales3
263 960 312 1020 rel
332 962 357 1019 ri
370 959 535 1038 adjecerint
547 970 582 1019 ut
595 961 791 1038 responsivas,
812 980 862 1020 eas
876 981 935 1019 non
950 961 1002 1020 ad·

49 1048 144 1105 rectas
158 1040 249 1110 sarid,
270 1059 324 1099 nec
337 1040 407 1101 inde
420 1059 593 1118 suspensum
608 1040 700 1099 fuisse
713 1060 897 1099 consensum.
938 1040 1002 1100 (la-

49 1136 147 1179 terum
163 1119 190 1177 ri
208 1119 376 1179 necessarii>
402 1139 488 1179 suum
507 1138 683 1178 consensum
696 1121 714 1178 d
728 1119 816 1179 simili
830 1119 1002 1179 conditione

49 1198 284 1275 suspendissent,
306 1199 527 1257 matrimonium
541 1197 571 1256 in
586 1199 653 1256 foro
667 1198 853 1258 eonscientiae
867 1200 947 1257 foret
958 1199 1002 1257 in·

49 1276 184 1337 validum
195 1302 202 1347 ;
222 1279 293 1360 quia
307 1278 449 1338 Pontifex
460 1279 509 1336 hic
522 1268 695 1339 eonsensum
707 1279 845 1356 supplere
855 1280 968 1358 nequit.

87 1355 214 1415 Dictum
225 1368 271 1417 est
285 1376 391 1434 supra:
413 1365 431 1396 ⁴‘
442 1368 600 1435 antequam
614 1356 763 1429 conditio?
776 1357 904 1438 (turpis)
915 1366 939 1416 ,“
949 1366 1002 1436 po·
1025 1380 1027 1384 ’

49 1436 205 1504 “natum’'
226 1436 295 1515 quia
315 1437 373 1495 alia
394 1447 441 1495 est
462 1434 596 1529 quaestio,
617 1456 655 1494 en
675 1437 774 1514 posito
796 1457 887 1515 opere
910 1437 1002 1514 turpi,

52 1513 127 1573 alter
148 1512 299 1593 obligetur
323 1514 497 1591 exjustitia
517 1516 589 1574 dare
611 1535 675 1574 rem
699 1515 883 1593 promissam,
914 1534 1003 1594 quam

55 1593 249 1673 questionem
263 1594 331 1654 vide
345 1595 385 1654 N.
396 1598 445 1653 55.
466 1603 484 1632 ‘⁴
499 1594 536 1653 de
551 1595 627 1656 Jure
640 1597 667 1652 ir
680 1595 833 1661 Justitia.”

92 1672 185 1735 xvi.
204 1675 254 1733 40.
275 1674 452 1735 Contractus
466 1673 521 1733 sub
534 1672 704 1733 conditione
717 1673 756 1733 de
772 1673 875 1733 futuro
888 1674 1004 1734 contin·

57 1753 136 1831 genti
149 1757 176 1813 ἃ
189 1753 323 1824 honesta,
344 1753 493 1813 ordinarie
514 1753 705 1831 suspenditur
727 1772 821 1832 usque
842 1753 881 1812 ad
902 1753 1004 1812 condi-

58 1831 144 1891 tionis
168 1843 325 1893 eventum:
346 1834 423 1892 ratio
448 1844 504 1902 est,
523 1831 604 1910 quod
625 1851 679 1909 per
700 1831 789 1892 talem
802 1832 1003 1891 conditionem

60 1911 252 1990 suspendatur
273 1931 442 1981 consensus,
463 1912 538 1971 adeo
560 1920 594 1969 ut
617 1912 825 1972 contrahentes
846 1912 943 1971 nolint
972 1930 1004 1969 se

66 1988 203 2067 obligare,
223 1991 280 2049 uisi
294 1992 345 2050 illa
358 1991 529 2051 coirditiene
543 1989 649 2068 posita.

91 2068 202 2130 XVII.
223 2071 345 2129 Dictum
368 2081 414 2130 est
434 2079 453 2108 “
467 2071 615 2129 ordinarie
626 2069 650 2140 ;”
674 2070 744 2148 quia
757 2070 782 2128 si
796 2069 1004 2130 contrahentes

61 2148 165 2208 vellent
185 2148 283 2228 (qood
309 2168 409 2213 rarum
436 2150 498 2243 est)
526 2168 665 2211 exnunc
689 2149 788 2209 valere
812 2159 1005 2221 contractum,

61 2228 143 2287 uodo
167 2229 299 2292 conditio
321 2230 418 2307 posita
439 2229 518 2287 adim
539 2227 645 2298 leatur,
666 2238 835 2287 contractus
862 2248 901 2287 ex
927 2248 1005 2287 nunc

59 2306 179 2378 valeret,
200 2309 225 2365 si
238 2309 370 2367 conditio
384 2249 570 2388 postmodim
585 2317 731 2385 ponatur;
755 2320 826 2366 tono
845 2309 924 2366 enim
946 2327 1006 2368 nou

56 2385 140 2444 valor
163 2398 341 2456 contractus,
362 2387 415 2447 scd
438 2383 554 2446 tantum
579 2386 687 2445 valoris
711 2388 817 2445 notitia
830 2387 1006 2463 ponderati

55 2465 236 2525 conditionis
250 2477 375 2525 eventu:
397 2486 424 2524 v.
436 2486 467 2544 g.
490 2467 515 2537 si
530 2467 597 2544 quis
610 2465 742 2526 diceretr
766 2485 804 2524 ex
818 2486 895 2524 nunc
908 2466 1005 2525 vendo

49 2543 106 2604 tibi
123 2564 245 2625 equum,
267 2546 387 2624 sipater
400 2565 493 2614 meos,
515 2565 581 2604 oum
595 2545 729 2615 redierit,
750 2546 924 2604 consentiat.

90 2623 147 2683 An
162 2642 333 2693 consensus,
354 2625 516 2701 adimpleti
528 2624 708 2695 conditione,
730 2623 819 2684 debet
843 2624 1005 2685 renovari?

91 2700 225 2775 XVlll.
247 2703 285 2763 lt.
312 2702 471 2781 Negativd,
492 2703 545 2763 sed
572 2714 750 2773 contractus,
779 2704 879 2781 posita
906 2702 1006 2763 condi·

49 2782 148 2854 tione,
170 2783 271 2841 statim
284 2782 319 2841 fit
332 2782 484 2841 absolutus
498 2783 561 2841 sine
575 2801 653 2841 novo
668 2801 829 2841 consensu:
858 2785 936 2842 ratio
951 2795 1006 2856 est,

70 2860 137 2920 uod
165 2863 374 2921 contrahentes
401 2861 559 2920 voluerunt
585 2871 770 2921 contractum
801 2871 872 2920 tunc
898 2862 1007 2923 valere.

86 2939 179 3000 einde
195 2939 327 3020 alioquin
340 2950 509 3000 contractus
522 2939 752 3010 conditionatos,
773 2960 831 3000 non
847 2952 925 3001 esset
939 2963 1008 3002 con·

54 3028 182 3159 Ἕως,
204 3019 256 3079 sed
279 3029 394 3078 tantum
416 3019 574 3098 promissio
592 3019 796 3092 contrahendi,
817 3021 897 3099 quod
912 3022 1008 3081 nullus

60 3118 80 3159 a
135 3098 208 3161 ittit.
663 3130 666 3135 ·

93 3178 148 3237 Au
164 3177 243 3236 idem
257 3176 414 3257 dicendum
427 3178 466 3237 sit
479 3178 517 3237 de
531 3179 729 3248 matrimonio,
750 3178 883 3238 videsue
896 3179 972 3239 loco.

97 3257 151 3317 An
165 3267 334 3317 contractus
342 3257 405 3335 jam
420 3256 517 3316 dictos
530 3257 573 3315 nil
586 3257 675 3316 efficit
690 3258 720 3315 in
731 3260 892 3335 praesenti?

102 3334 198 3395 xlx.
219 3337 257 3396 R·
278 3337 378 3395 Efficit
402 3336 549 3415 inprimis
571 3337 637 3406 hoc,
658 3338 738 3430 qnod
751 3348 877 3417 uterque
898 3345 1013 3395 contra·

61 3414 198 3475 leentiam
218 3414 369 3492 obligetur
390 3427 548 3493 expectare
569 3415 748 3475 conditionis
773 3426 919 3481 eventum,
939 3414 1013 3475 item

62 3493 143 3573 qood
166 3504 272 3553 neuter
295 3494 389 3572 possit
410 3504 550 3554 eventum
564 3493 768 3554 fraudulenter
782 3493 934 3571 impedire,
955 3514 1011 3554 nee

62 3572 153 3633 etiam
176 3574 293 3635 resilire
316 3583 386 3632 aute
408 3573 585 3633 conditionis
600 3585 756 3633 eventum:
776 3573 853 3630 ratio
867 3584 923 3644 est,
942 3572 1017 3654 qnia

63 3656 103 3713 si
121 3653 176 3715 tuli
190 3662 344 3713 contractu
358 3653 455 3713 oritur
473 3653 526 3731 jus
538 3652 773 3713 conditionatum
787 3662 924 3729 respectu
939 3651 1036 3737 utrig'

64 3750 167 3814 usque.
