2160 4034
89 178 146 237 tte
479 191 667 236 rnncrnrus

116 296 391 358 Daulmunexcusat
399 313 450 354 eos
463 315 482 353 u
495 299 614 373 peccato
624 305 655 355 et
663 295 853 355 restitutione
863 293 1016 368 boctitulr',

80 378 160 458 q'uod
174 379 233 434 siut
254 376 336 453 quasi
359 394 427 452 pars
447 375 606 444 exercitis,
633 387 665 432 ιι
686 377 728 432 ita
746 375 816 452 jure
837 373 909 432 belli
932 374 1014 435 elien

98 470 163 515 rata
176 456 380 533 depascantur,
401 455 487 512 sicuti
502 474 540 512 ex
554 454 600 511 bis
614 453 963 531 pratis'subministratur
973 470 1015 532 pa—

76 477 176 594 bulum
191 535 274 612 equis
299 534 434 591 militnm.
475 532 511 591 ld
532 552 634 590 rerum
658 544 712 601 est,
734 533 853 610 quando
877 533 1013 592 invadunt

77 633 186 693 pascua
196 614 323 682 illorum,
338 612 388 691 qui
402 613 432 670 in
444 611 521 670 bello
530 610 599 670 suut
612 611 793 670 adversarii:
814 611 928 690 quodsi
944 612 1017 670 inve·

75 692 149 752 dant
162 691 409 770 pascuaillorum,
431 691 604 769 quibuscum
618 691 648 748 in
658 710 730 768 pace
741 703 818 760 sunt,
841 690 900 748 dici
915 701 1015 768 potest,

74 772 156 851 quod
169 771 347 830 interveniat
358 770 463 847 aliquis
472 782 639 828 contractus
649 771 784 828 'virtualis
794 780 825 829 et
835 769 1015 839 universalis,

75 850 337 929 quodnmnificatis
346 850 522 926 relinquitur
531 848 582 926 jus
590 850 847 927 compensationis,
861 859 897 907 ut
907 850 931 906 si
942 849 1016 909 forti

76 929 252 989 adsimilem
267 929 472 986 necessitatem
487 927 670 999 devenerint,
697 928 787 986 etiam
802 948 913 1006 pecore
925 947 979 986 sua
989 928 1016 987 ir

72 1008 168 1068 aliene
182 1029 288 1085 pascua
301 1009 462 1065 immittere
472 1007 594 1084 possint.

115 1087 258 1147 Similiter
272 1108 310 1146 ex
321 1089 516 1144 conventione
529 1086 660 1162 generali
671 1085 788 1145 admitti
802 1087 889 1156 solet,
912 1095 947 1144 ut
961 1106 1015 1145 nna

71 1184 88 1225 s
109 1166 158 1225 lva
171 1166 373 1224 subministret
386 1165 566 1224 rumusculus
581 1186 634 1243 pro
645 1165 833 1225 conficiendis
847 1166 1015 1242 ligamentis

102 1247 159 1304 teri
174 1246 272 1323 sylves,
294 1246 336 1303 sic
355 1254 390 1303 ut
410 1245 472 1304 baec
487 1257 603 1303 maneat
623 1245 715 1323 priori
731 1245 909 1304 adsimilem
925 1244 1016 1317 vicem

69 1324 131 1384 obli
154 1337 211 1383 ato.

113 1345 153 1462 tri
162 1404 207 1462 bis
221 1414 252 1462 et
265 1401 409 1462 similibus
422 1422 539 1480 semper
552 1403 714 1462 cavendum
729 1423 747 1462 a
759 1403 946 1462 nocumentis
961 1419 1015 1462 non

71 1485 244 1543 necessariis
255 1504 263 1542 ι
283 1482 414 1560 alioquin
425 1483 585 1542 incurritur
596 1483 738 1560 obligatio
752 1483 964 1543 restitutionis.

72 1703 114 1764 N.
134 1705 181 1763 90.
236 1705 295 1764 Did
316 1704 692 1845 RECUlgfiitllslgiffiE
717 1705 799 1765 SEU
820 1704 1016 1766 COMPEN-

262 1903 297 1963 S.
322 1901 421 1963 lbom.
440 1907 468 1961 2.
489 1905 516 1961 2.
536 1923 564 1980 q.
585 1905 635 1960 66.
655 1913 709 1962 ort.
723 1906 741 1960 3
755 1903 781 1980 85
794 1905 822 1961 5.

74 2024 100 2084 Ι.
118 2023 311 2100 Compensatio
345 2024 387 2083 ll.
402 2025 458 2083 Est
468 2025 580 2103 duplae,
623 2022 681 2083 lll.
701 2024 866 2103 Manifesta,
903 2024 959 2086 lv.
972 2026 1012 2086 El

108 2103 225 2164 occulta.
267 2104 303 2163 V.
329 2105 401 2176 Quae
413 2124 469 2181 per
481 2124 509 2162 sc
521 2124 626 2181 semper
644 2116 684 2162 est
696 2104 804 2162 illicita.
846 2103 901 2163 VI.
921 2105 1008 2165 Jueu

108 2183 179 2243 olibe
186 2203 241 2260 per
254 2184 481 2262 acciderepotest
491 2203 546 2242 esse
559 2184 645 2254 licitu,
654 2186 756 2262 positis
768 2183 980 2253 conditionibus,

108 2341 216 2415 QUlD
238 2350 284 2399 est
296 2342 521 2420 compensatio?
669 2391 671 2394 ,

66 2499 86 2560 b
107 2421 132 2479 l.
152 2420 191 2479 R.
211 2421 330 2479 Dicitur
344 2422 453 2499 injure
466 2421 560 2480 debiti
573 2431 605 2482 et
618 2421 723 2481 crediti
748 2420 826 2481 inter
849 2439 881 2480 se
902 2422 1007 2482 contri-

88 2501 160 2560 utio.

106 2581 211 2639 Potest
234 2578 302 2639 fieri
321 2579 487 2657 dupliciter,
509 2580 556 2638 rel
570 2581 753 2640 tantumdem
777 2578 944 2651 retinendo,
964 2581 1008 2640 rel

65 2661 250 2718 tantumdem
264 2660 451 2737 surripiendo
472 2680 510 2719 ex
528 2661 616 2720 rebus
630 2659 784 2731 debitoris,
805 2670 946 2736 quantum
962 2659 1009 2719 de·

66 2736 145 2796 bitor
158 2738 316 2814 obligatur.

106 2815 279 2894 Quotuplex
290 2828 336 2876 est
349 2818 550 2894 compensatio
561 2820 574 2878 i

104 2894 147 2954 ΙΙ.
169 2896 299 2974 Duplex,
321 2897 475 2956 manifesta
490 2898 627 2956 videlicet
641 2910 672 2959 et
686 2899 809 2959 occulte.

105 2973 185 3048 Quid
200 2986 246 3034 cst
259 2977 459 3054 compensatio
474 2979 651 3038 manifesta?

103 3052 163 3112 Ill.
184 3054 222 3113 R.
243 3055 300 3113 Est
313 3055 406 3113 debiti
415 3057 441 3113 8ι
450 3057 555 3115 crediti
570 3057 647 3115 inter
661 3077 693 3115 se
704 3058 883 3116 contributio
895 3059 1007 3118 sciente

63 3130 214 3191 debitore:
236 3154 262 3190 v.
277 3154 305 3210 g.
326 3135 458 3195 loannes
473 3135 562 3193 debet
587 3137 678 3194 Petro
703 3139 758 3193 100
780 3155 954 3215 propatruo,
977 3150 1008 3197 et

63 3211 171 3270 Petrus
185 3212 275 3271 debet
294 3214 404 3274 Joanni
421 3217 476 3272 100
490 3235 544 3291 pro
558 3215 647 3273 vino:
668 3214 801 3274 debitum
814 3227 845 3274 et
859 3216 1006 3277 creditum

62 3303 298 3368 compensentur,
319 3303 350 3349 et
363 3293 545 3367 satisfactum
556 3305 602 3352 cst
618 3295 744 3371 utrique.

104 3371 155 3429 An
169 3372 369 3448 compensatio
381 3373 537 3431 manifesta
551 3390 667 3450 semper
681 3384 727 3430 est
741 3373 844 3434 licita?
956 3419 961 3431 .

100 3449 138 3510 R.
161 3451 192 3510 Si
206 3462 311 3526 agatur
322 3451 359 3509 de
374 3453 529 3509 retinendo
543 3472 604 3509 rem
619 3452 704 3511 alteri
720 3453 860 3524 debitam,
874 3455 911 3514 ed
925 3457 1007 3532 quod

59 3528 136 3588 ulter
144 3530 214 3588 milri
224 3530 366 3608 ecqualem
376 3551 437 3589 rem
448 3531 563 3600 debeat,
571 3531 652 3590 licitu
661 3544 706 3590 est
717 3534 784 3592 talis
795 3537 1008 3611 compensatio.

68 3662 71 3666 Α
101 3607 176 3667 ltem
191 3609 303 3668 licitum
315 3623 361 3670 est
375 3630 625 3688 recuperatorem
640 3631 721 3670 suam
738 3613 766 3669 in
780 3612 918 3689 flagranti
932 3616 1007 3672 acti-

59 3687 309 3764 ¹onislurtivoo,rel
319 3690 610 3770 quendoeenondum
622 3701 668 3752 ιιι
679 3692 707 3751 in
716 3691 782 3752 loco
794 3694 1007 3773 tutorepositn,
