2160 4034
297 122 341 166 uu
360 121 599 165 communes
610 121 646 165 ru
665 121 782 164 serere.
960 105 1019 163 88¹1

117 225 204 301 Quid
215 228 392 289 cenandum
406 228 445 288 de
457 228 604 288 schedulis
617 227 856 307 obligationum?
872 238 876 245 '
1013 264 1017 271 ·

114 306 239 368 11th
259 307 338 368 Dist.
360 309 392 369 si
414 329 478 367 sors
496 309 666 387 pecuniaria
678 308 788 367 traditu
803 308 842 366 sit
855 305 1020 366 irrevocabi-

72 378 151 457 Κᾶν,
172 387 214 446 ite
236 397 350 447 utnon
375 399 492 447 manent
515 390 543 446 iu
567 398 714 466 potestate
732 387 1020 464 trudentisunqutm

72 475 190 525 sortem
212 478 359 544 repetere,
386 476 457 525 tuuc
478 476 526 526 est
548 487 636 526 verus
659 486 764 526 census
787 466 964 543 personalis:
995 465 1021 522 si

73 554 179 604 tutem
202 566 266 604 sors
288 547 329 605 sit
351 546 461 605 trudito
482 547 677 615 monachiliter,
698 554 744 604 est
758 565 860 604 rerum
876 556 1021 615 mutuum,

73 624 102 681 dr
116 624 241 701 proinde
255 636 324 684 tuuc
337 625 410 685 nihil
423 645 514 705 supra
525 636 636 684 sortem
650 625 731 701 exigi
743 637 851 702 potest,
863 624 920 682 nisi
931 623 1019 682 titulo

75 698 178 761 domui
201 706 391 782 emergentis,
411 704 486 764 lucri
509 704 651 763 cessantis
675 704 722 762 rel
743 703 865 781 periculi
886 714 1020 762 extraor-

79 777 188 841 dinarii
203 785 300 842 sortis.

19 932 26 941 ,
116 861 168 919 Ex
182 863 326 942 principio
339 863 436 943 posito
450 863 559 922 resolvi
572 874 695 941 possunt
708 882 792 921 cesus
806 872 980 941 sequentes:

19 948 39 1025 ζ
116 940 252 1002 Joennes
276 943 328 1003 dut
350 954 460 1002 certum
482 962 624 1001 summam
644 943 774 1019 pecunius
789 943 881 1000 Petro
895 942 949 1000 sub
964 943 1019 1001 hoc

19 1028 42 1101 .''
77 1029 175 1095 pecto,
195 1032 229 1079 nt
252 1023 296 1082 vel
321 1034 388 1099 post
409 1041 517 1080 annum
538 1023 712 1080 restituatur
730 1041 795 1079 cum
810 1021 963 1090 interesse,
985 1031 1018 1080 ut

19 1104 48 1127 '··
77 1110 193 1169 vocant,
215 1119 241 1158 r.
263 1121 294 1179 g.
316 1103 345 1160 5.
369 1102 398 1159 in
425 1104 489 1170 100,
509 1101 557 1159 rel
579 1103 659 1160 certe
683 1110 746 1159 tum
767 1111 894 1179 ponetur
913 1099 1019 1160 idonee

21 1170 49 1261 ᾖ
77 1175 247 1256 hypotheca
260 1199 315 1257 pro
329 1181 436 1239 reditu.

19 1264 53 1286 '²‘
114 1257 156 1317 R,
167 1278 242 1317 -cum
257 1260 444 1337 Steynertio:
467 1259 715 1337 Quandoquidem
729 1260 837 1318 Petrus
851 1257 949 1318 dendo
963 1259 1018 1337 hy·

72 1338 241 1413 pothecem,
262 1340 413 1418 pecuniam
437 1339 571 1398 absolute
593 1340 722 1397 retinere
741 1349 848 1415 potest,
870 1358 957 1396 rerus
972 1348 1018 1397 est

71 1434 181 1495 centus
194 1436 246 1476 seu
260 1419 382 1488 reditus,
397 1419 482 1478 initio
493 1417 612 1495 quidem
624 1418 794 1495 personalis,
809 1429 912 1495 postes
922 1428 1018 1476 truns-

19 1548 35 1567 „
68 1493 173 1554 iturus
195 1496 225 1554 in
249 1496 357 1558 realem
381 1497 426 1556 vel
451 1500 595 1557 mixtum:
627 1499 774 1556 censuista
797 1496 876 1555 enim
900 1496 1017 1555 tenthnr

19 1568 35 1606 b
69 1583 176 1651 potest
193 1595 284 1653 egere
300 1578 485 1646 alternative,
506 1577 553 1635 rel
566 1577 603 1636 ed
617 1577 706 1635 sortis
719 1576 948 1646 restitutionem,
970 1575 1018 1635 rel

70 1652 112 1711 ed
128 1657 363 1716 constituendum
381 1656 585 1734 hypothecam.

114 1733 212 1793 Recte
235 1746 332 1795 tumen
356 1747 458 1794 monet
480 1736 659 1804 Brnuurnen,
680 1735 705 1793 si
728 1735 795 1794 telis
818 1745 898 1795 esset
921 1745 1016 1794 stntus

19 1810 21 1815 ’
70 1809 229 1880 debitoris,
250 1825 284 1873 ut
305 1825 416 1874 statuto
435 1825 568 1892 tempore
585 1814 718 1873 idoneam
735 1815 929 1893 hypothecam
945 1814 1016 1874 dere

70 1909 134 1951 non
158 1894 260 1970 possit,
281 1914 348 1954 eum
370 1905 441 1953 tunc
458 1915 476 1953 a
493 1893 640 1952 creditore
654 1894 805 1952 moraliter
818 1894 884 1970 cogi
899 1892 936 1951 od
949 1893 1016 1952 red·

71 1969 201 2030 deudcm
220 1983 349 2032 sortem:
379 1980 405 2033 δι
419 1975 461 2032 ite
475 1973 613 2052 repetitio
627 1973 716 2031 sortis
730 1974 873 2050 penderet
886 1970 923 2030 ab
937 1972 1015 2030 urbi·

71 2049 134 2109 trio
147 2051 312 2122 creditoris,
332 2054 358 2110 δι
373 2053 457 2112 fieret
469 2064 613 2123 mutuum,
634 2053 826 2124 &interesse
847 2052 925 2133 quod
940 2051 1014 2111 ecci·

72 2138 169 2206 peret,
189 2130 268 2189 foret
282 2132 456 2190 usurarium.

116 2207 245 2269 Debitor
267 2212 393 2288 scripsit,
413 2230 445 2269 se
467 2213 541 2268 1000
554 2229 659 2268 eureos
673 2211 819 2286 accepisse
833 2209 870 2268 ed
884 2209 1013 2268 reditum

71 2304 91 2345 s
105 2286 290 2366 Sempronio,
310 2296 336 2349 δι
348 2309 476 2349 annuum
490 2289 633 2347 interesse
647 2309 679 2347 se
692 2289 856 2346 soluturum
868 2287 905 2346 nd
920 2299 1014 2347 return

72 2366 100 2426 6.
124 2366 154 2424 in
179 2370 242 2438 100,
266 2369 358 2428 donec
372 2369 495 2447 pecunie
508 2369 689 2427 restituatur.
730 2366 818 2425 Alius
831 2367 960 2444 scripsit,
980 2387 1013 2426 ee

71 2445 219 2522 recepisse
243 2459 373 2507 mutuam
397 2449 559 2525 pecuniam,
580 2450 605 2505 dr
623 2447 787 2507 soluturum
806 2447 950 2505 interesse
963 2465 1014 2503 nn·

72 2542 172 2593 nuum,
192 2527 366 2603 usquedum
381 2530 409 2586 ei
424 2528 518 2585 visum
533 2527 623 2585 fuerit
636 2536 746 2585 sortem
761 2524 896 2585 reddere.

113 2602 153 2663 R.
173 2604 281 2664 Refert
305 2605 481 2666 Stockmnns
501 2605 648 2665 decisione
667 2607 716 2675 rt,
735 2617 890 2682 utrumque
903 2602 1014 2663 formu·

71 2681 130 2741 lum
154 2681 191 2742 uh
211 2704 298 2744 usura
311 2685 471 2744 immunem
489 2685 650 2762 judicatam
666 2705 730 2745 esse
745 2684 773 2741 in
790 2683 922 2743 Concilio
937 2683 1012 2741 Bre-

72 2759 198 2822 beutiaet
219 2764 248 2821 iu
263 2765 353 2842 priori
367 2766 445 2824 eninr
460 2763 550 2823 verbe
569 2764 635 2823 ille:
665 2766 750 2822 doum
767 2766 889 2841 pecunia
901 2765 1012 2821 restitu-

71 2849 147 2912 etur,
168 2841 390 2922 interpretenda
407 2855 476 2902 sunt
489 2844 526 2902 de
540 2844 728 2903 restitutione
741 2840 875 2901 facienda
887 2842 1011 2901 arbitrio

71 2918 224 2992 debitoris,
244 2924 311 2982 cium
325 2923 354 2982 id
367 2923 441 2983 fluat
454 2943 493 2982 ex
506 2933 611 2983 nutura
624 2922 745 2992 reditus,
766 2941 853 3000 quem
867 2932 965 2999 partes
979 2940 1011 2979 se

70 2999 252 3061 constituere
265 3003 415 3062 dixerunt.
1001 3038 1004 3045 ·

109 3077 146 3137 In
171 3081 338 3155 posteriori,
358 3085 422 3141 chm
447 3081 595 3141 restitutio
618 3082 706 3140 sortis
724 3080 813 3141 etiem
827 3079 1010 3162 relinquetur

68 3154 193 3217 arbitrio
208 3160 359 3231 debitoris,
373 3171 540 3220 contractus
551 3161 600 3220 ilie
614 3181 668 3239 pro
678 3160 777 3220 reditu
792 3158 941 3219 habendus
955 3168 1009 3228 est,

68 3235 140 3297 linet
161 3240 369 3300 contrahentes
389 3251 516 3300 mutuum
541 3240 727 3300 vocaverintt
758 3239 856 3319 potitis
871 3239 948 3297 enim
963 3258 1009 3297 re·

68 3334 81 3373 s
104 3314 142 3373 ici
165 3315 263 3387 debet,
284 3319 355 3399 qnid
378 3330 474 3378 ectum
497 3320 545 3390 sit,
565 3321 654 3397 quidm
676 3320 770 3398 ipsum
789 3336 894 3377 nomen
908 3319 1009 3375 metrii.

100 3392 165 3453 liud
184 3395 273 3468 foret,
294 3400 318 3456 si
342 3399 511 3477 syngrapha
531 3399 698 3476 conscripto
720 3409 798 3457 esset
817 3398 872 3455 hoo
900 3397 1009 3463 modo:

19 3506 23 3517 ·
65 3471 228 3535 Debitorem
241 3480 377 3557 accepisse
388 3488 514 3538 mutuam
527 3481 685 3556 pecuniam,
705 3478 899 3553 &salmurum
911 3474 1008 3535 anund

66 3552 102 3611 id
122 3556 337 3631 prodicerent,
356 3559 441 3618 ᾱοπω
458 3561 580 3636 pecunia
601 3559 640 3617 sit
657 3561 791 3616 retineto.
842 3554 877 3615 ld
900 3560 950 3615 rix
968 3550 1010 3615 ub
1048 3624 1050 3629 ¹

152 3649 228 3693 von.
248 3653 283 3695 11.
503 3640 566 3696 21<
1048 3676 1050 3691 .
