2160 4034
325 174 369 215 os
387 172 470 215 tona
489 172 532 214 aa
550 172 707 215 tuereris.
959 166 999 221 77

74 282 121 339 5⁰.
142 278 178 339 st
192 278 336 339 dominus
345 298 411 337 rem
424 298 508 337 sunm
521 288 647 357 repetat,
661 288 782 338 tenetur
795 278 913 341 camilli
928 285 997 345 red·

44 360 123 427 dere3
168 359 223 419 ula
231 358 344 437 ubique
357 358 466 417 &mat
478 358 631 417 dominum
645 378 741 417 soom.

71 440 120 499 6⁰.
143 378 179 499 gt
195 460 246 499 res
256 436 390 497 nondum
399 438 493 497 fcerit
506 440 536 497 io
548 440 735 518 possessione
745 440 957 517 emptorisot,
971 445 1004 513 si,

41 518 346 596 emptionecouclusl,
360 518 589 577 resnondumsit
598 517 718 587 tradito,
733 518 997 581 licetcontractum

41 598 222 668 escindere,
242 604 268 657 dr
288 616 352 656 rem
375 596 434 656 furi
460 597 654 675 permittere:
675 598 717 656 sic
731 616 851 674 possum
874 600 998 677 pallium

41 678 194 746 'urtivurm
211 678 292 756 quod
305 676 373 735 loco
387 678 445 734 mei
460 678 490 733 in
505 676 630 735 taberna
649 696 830 753 acceperam,
845 699 949 739 errore
963 683 994 741 io

41 756 994 898 litttl‘tdtltttsltln‘t‘zltttttd'illitam

40 916 203 997 linquitur,
223 915 305 994 quod
319 934 359 973 ex
367 856 452 993 justll
460 934 549 973 causa
559 914 672 973 licitum
686 927 743 974 est.
848 880 857 908 ’
951 862 984 901 m

55 996 127 1073 Γ.
150 996 279 1057 &mum
292 993 421 1063 ridetur,
432 994 503 1053 licet
516 993 638 1071 quidam
651 994 866 1065 contradicant,
879 997 960 1075 qndd
970 1000 998 1057 si

40 1086 160 1167 qptor
174 1074 256 1135 mall
268 1073 327 1133 lide
341 1074 529 1151 processerit,
550 1073 658 1132 debeat
669 1094 732 1132 rem
743 1077 912 1147 restituere,
926 1078 999 1139 licet

41 1164 79 1215 att
89 1172 110 1213 a
131 1164 234 1213 ertum
246 1153 409 1234 pericolum
420 1153 577 1211 amittendi
587 1172 672 1210 suum
684 1154 831 1230 pretium:
852 1156 930 1215 ratio
940 1170 998 1230 est,

42 1174 130 1313 qaod
132 1244 274 1293 teneatur
293 1234 384 1291 etiam
399 1232 488 1291 titulo
503 1232 620 1309 injustas
634 1232 826 1310 acceptionis.

80 1314 130 1371 8⁰.
150 1310 239 1373 Varii
254 1311 526 1382 etiamadmittunt,
541 1312 704 1390 quoddam
719 1318 789 1371 vore
803 1312 927 1373 dubium
940 1326 1000 1386 est,

52 1410 82 1451 sn
94 1411 142 1451 res
153 1393 196 1451 alt
205 1392 326 1459 furtiva,
336 1411 439 1463 necno,
451 1404 521 1451 tuno
535 1391 616 1449 licito
626 1391 666 1450 sit
678 1394 849 1451 contrnctris
863 1395 1000 1455 rescissio

54 1490 107 1533 tem
120 1470 295 1540 reddendo;
314 1470 477 1553 quiabonoe
487 1470 556 1528 fidei
570 1483 689 1548 emptor
702 1492 761 1529 non
771 1482 890 1531 tenetur
899 1475 1001 1533 subire

95 1550 198 1611 lestias
223 1570 314 1629 super
335 1551 381 1609 rei
405 1550 536 1609 dominio
561 1553 708 1610 orituros:
738 1550 816 1610 unde
830 1552 911 1613 licite
932 1574 1001 1613 eam

60 1630 139 1708 uadit
151 1630 312 1701 venditori,
332 1640 368 1689 ut
390 1630 455 1709 ipsa
469 1649 501 1688 ae
515 1629 658 1689 defendat
670 1641 775 1690 contra
787 1630 924 1705 alterum,
946 1632 1000 1713 qui

64 1730 89 1771 u
98 1710 247 1770 dominum
258 1710 339 1769 facit.

78 1788 129 1867 l.
147 1790 200 1849 Ad
208 1789 402 1872 qaaestionem
405 1787 779 1927 propositamdicendum,
788 1790 1000 1871 quodemptor

72 1936 75 1941 ¹
143 1868 397 1949 fidei,prseridens
426 1869 1001 1949 ominumremsoamnoorecoptnrum,

123 1948 504 2029 poseiteamredderefori,
516 1957 718 2026 utrecuperet
749 1950 857 2009 retium
867 1950 1001 2029 alioquin

74 2027 257 2087 mittendum.
297 2028 354 2089 Est
366 2040 471 2088 contra
484 2026 631 2098 Loesium,
658 2027 705 2087 Do
721 1968 811 2108 ὅσος.
831 2028 974 2110 aliosque.

104 2106 241 2167 Probatur
256 2109 302 2165 1⁹.
322 2108 392 2187 quia
404 2127 453 2166 res
468 2107 644 2189 ubicumque
658 2107 771 2179 existit,
785 2108 893 2168 clareat
906 2112 1002 2169 domi·

80 2206 369 2404 ¹d’dullll‘tprincipio
385 2266 416 2326 S.
431 2265 555 2325 Thomae
566 2268 791 2343 qumst62.art.
805 2269 834 2326 6.
876 2268 938 2342 Qui
948 2268 1001 2327 lra-

39 2334 48 2357 ’
83 2344 217 2407 ltteltrai
240 2388 248 2414 ,
262 2346 342 2424 qaod
356 2365 441 2403 suum
456 2357 512 2415 ost,
526 2346 617 2405 debet
630 2345 659 2404 ei
673 2346 818 2417 subtrahi,
843 2352 870 2407 dr
884 2349 950 2407 dari
962 2350 1002 2420 ei,

84 2424 210 2491 uideestt
230 2426 313 2503 atqui
326 2436 443 2503 emptor
467 2424 557 2483 habet
581 2425 659 2483 ultra
673 2424 712 2495 id,
733 2426 815 2504 qood
839 2446 924 2486 auom
943 2440 1001 2497 est,

87 2524 161 2581 turpe
170 2520 232 2564 reor
243 2505 378 2574 alienam,
398 2510 425 2563 δι
437 2504 558 2562 domino
572 2503 665 2574 deest,
680 2525 737 2562 non
751 2504 831 2564 furi:
852 2525 936 2583 ergo,
949 2513 1003 2567 &o-

107 2587 145 2644 20.
164 2584 196 2643 ln
208 2585 323 2643 casibus
337 2584 443 2661 primo,
464 2594 581 2661 quarto,
603 2585 743 2665 &quinto
758 2585 927 2661 praemissis,
941 2606 1003 2645 non

88 2660 196 2723 latrem
207 2664 334 2723 reddero
346 2664 424 2731 l‘uri;
444 2682 517 2741 ergo
532 2683 587 2720 nec
601 2662 629 2720 in
645 2683 714 2722 casu
728 2674 931 2723 controverso.

38 2732 46 2822 ζ
104 2744 142 2804 4⁰.
163 2744 193 2802 Si
206 2744 290 2801 bonae
303 2741 372 2801 fidei
388 2756 506 2819 emptor
517 2742 622 2801 reddat
633 2762 696 2802 rom
711 2742 779 2811 furi,
800 2744 886 2820 ponit
896 2747 1002 2805 samin

38 2864 52 2899 a
83 2822 237 2901 pp'aristatu
248 2835 351 2880 contra
365 2821 548 2881 voluntatem
564 2820 696 2881 domini:
722 2824 765 2879 1⁰.
781 2822 861 2895 Quia
871 2824 1004 2885 sorreci-

79 2902 137 2977 piens
150 2922 224 2968 rem,
244 2906 270 2961 ἃ
291 2901 394 2960 videns
415 2902 528 2959 l'urtom
552 2901 648 2979 prodi,
664 2898 727 2977 jam
742 2901 858 2960 cautitls
872 2924 938 2962 eam
951 2906 1003 2963 ab·

43 2996 63 3053 51·
76 2982 184 3051 suadet,
192 2994 248 3039 aut
260 2982 379 3057 longios
393 2980 549 3039 distrahet
569 2984 617 3037 2⁰.
633 2981 694 3039 l'er
707 2981 887 3058 emptionem
899 2985 1003 3042 utrim-

72 3080 116 3139 que
122 3061 299 3139 completam
314 3080 361 3118 res
376 3072 422 3119 est
435 3070 523 3117 extra
536 3059 752 3137 possessionem
767 3062 842 3118 furis
856 3067 881 3119 dr
896 3062 924 3119 in
937 3083 1006 3141 pos·

37 3142 181 3207 natione
196 3139 351 3216 emptoris,
373 3142 408 3197 eo
425 3158 516 3218 usque
532 3149 565 3197 ut
588 3154 706 3216 emptor
729 3140 823 3216 possit
848 3141 1004 3201 instituere

68 3222 200 3277 donem
211 3220 283 3277 furti
297 3218 351 3275 sibi
367 3218 447 3288 facti,
469 3220 493 3275 si
508 3219 573 3298 quis
587 3236 652 3275 eum
667 3218 747 3277 furto
762 3220 910 3277 atrlerret:
932 3242 1004 3299 ergo

37 3344 39 3355 .
66 3311 176 3377 poneret
188 3302 220 3355 in
231 3298 325 3375 pejori
336 3310 424 3366 statu,
446 3298 471 3355 si
483 3318 547 3357 eam
559 3317 598 3355 ex
610 3298 796 3373 possessione
810 3318 862 3356 sue
872 3300 1004 3359 traderet

67 3382 89 3435 ir
100 3378 316 3456 possessionem
330 3378 405 3435 foris
429 3383 454 3435 tt
468 3376 597 3455 positivo
607 3388 820 3455 cooperaretur
835 3378 942 3453 iniquae
953 3378 1004 3437 de-

66 3458 179 3517 tentioni
195 3458 282 3515 furis.

37 3606 39 3611 Ι
96 3536 162 3612 otj.
187 3536 212 3595 l.
244 3535 315 3594 Non
339 3545 444 3595 teneor
471 3555 631 3614 procurare
656 3532 764 3593 bonum
792 3533 915 3592 alterius
937 3556 1006 3595 cons

69 3618 156 3693 equali
171 3636 241 3675 meo
256 3616 373 3684 damno,
400 3616 458 3673 nisi
472 3617 552 3674 adsit
565 3626 733 3673 contractus
747 3624 799 3671 ont
813 3613 917 3673 similis
932 3618 1006 3675 obli·

72 3698 152 3771 gano:
174 3716 252 3773 ergo
261 3714 380 3772 possum
396 3696 425 3752 in
440 3716 509 3755 caso
525 3715 587 3753 rem
601 3694 728 3752 reddere
740 3693 808 3750 furi.
