2160 4034
367 166 411 208 on
429 163 512 209 rone
530 127 574 207 nn
592 162 746 208 rosrrrn.
985 153 1023 210 89

10 263 44 318 ni·
73 271 142 329 ³4⁹.
166 269 339 330 Secundum
360 270 443 349 leger
458 268 650 329 humanitatis
663 270 811 341 convenit,
832 277 866 329 ut
881 269 1018 333 dominus

11 361 42 399 ¹¹³
66 350 196 409 remittet
210 350 324 431 aliquid
337 351 502 428 possessori
516 348 601 408 malie
615 348 686 407 fidei
700 368 755 427 pro
769 350 909 427 expensis
920 371 1021 412 neces·

65 429 158 487 seriis.
172 439 207 488 et
220 429 353 501 utilibus,
378 449 451 511 ques
466 429 529 507 ipse
544 429 635 488 etiam
648 428 747 487 facere
761 426 921 490 debuisset.
962 432 1022 491 His

10 509 41 588 itt
61 508 242 585 premissis:
854 541 857 546 ·

60 616 65 625 ·
94 587 239 660 Quaestio
262 588 361 666 grauis
383 595 590 656 muretensis
613 585 699 645 maleo
722 586 793 645 fidei
814 606 968 665 possessor
989 593 1021 650 in

16 679 36 718 ⁰1
55 668 241 726 conscientia
254 667 401 727 deducere
413 667 506 744 possit
520 685 668 743 expensas
679 668 861 726 necessarias
876 679 907 727 et
920 669 1019 742 utiles,

10 754 32 798 stt
54 747 191 824 sepositis
205 747 286 806 omni
300 747 449 806 sententiis
458 745 596 824 judicis?

10 818 29 877 i·
58 864 62 873 .
90 824 137 884 11.
149 826 193 886 R.
206 824 1019 903 Probabiiiordzlegibusconformiorridetursententie

10 913 26 957 et
54 904 210 981 negative,
224 925 313 986 quum
326 915 517 983 propugnant
532 904 683 982 Steyeert,
698 904 881 975 Braunman,
898 906 1019 980 Henuo,

54 983 164 1062 aliique
181 997 288 1044 contre
302 985 449 1053 Lessium,
465 984 514 1042 Do
527 984 616 1062 Cooq,
632 982 763 1043 Billuart
773 990 799 1043 dr
810 984 911 1062 plures
931 986 1016 1045 alios.

12 1080 23 1117 e
92 1063 192 1123 Ratio
206 1074 263 1134 est,
284 1064 510 1145 quddexpensae
522 1063 579 1120 illae
590 1064 847 1122 accreveriutrei:
869 1064 1019 1144 sicqueod

13 1141 18 1155 “
54 1142 212 1202 dominum
234 1143 279 1202 rei
304 1143 481 1221 pertineant,
503 1143 564 1222 qui,
586 1161 653 1199 cum
667 1141 751 1202 maiae
767 1141 837 1200 fidei
852 1147 1020 1219 possessori

10 1220 22 1275 't
53 1220 117 1281 iiius
127 1241 282 1301 expensas
294 1221 455 1290 faciendus,
476 1240 531 1279 nec
549 1220 691 1298 explicite
706 1239 761 1279 nec
775 1221 920 1299 implicite
935 1242 1018 1283 oom-

55 1301 186 1372 niserit,
206 1302 305 1361 eidem
320 1321 376 1380 pro
390 1299 449 1358 illis
463 1299 506 1357 nil
520 1299 637 1358 solvere
648 1308 780 1358 tenetur.

12 1379 20 1394 ¹
90 1379 133 1438 Et
142 1382 270 1461 quidem
281 1380 379 1462 quoad
389 1398 535 1456 expensos
546 1379 734 1437 solummodo
742 1379 840 1452 utiles,
847 1382 919 1441 sctis
928 1401 1018 1460 eppe-

10 1477 13 1512 i
56 1469 108 1529 ret,
136 1459 256 1519 nullum
271 1479 325 1538 pro
337 1459 394 1517 illis
409 1457 631 1516 commisionem
647 1458 840 1530 intervenire,
855 1480 922 1519 oum
937 1461 1019 1520 nulle

10 1558 26 1594 e
58 1538 92 1598 sit
103 1540 274 1598 necessitas
282 1538 349 1597 illes
362 1537 501 1596 feriendi.
543 1537 696 1611 Quantum
708 1537 746 1595 ed
757 1557 904 1616 expensas
918 1560 1021 1600 neces-

10 1634 30 1671 u
59 1617 160 1688 series,
182 1638 241 1677 nee
251 1638 305 1697 pro
319 1616 378 1676 illis
389 1616 556 1675 commissio
568 1617 632 1674 dari
644 1617 782 1687 videtur3
803 1637 871 1676 nam
882 1618 1020 1678 dominus

59 1696 236 1776 simpliciter
249 1697 323 1767 vult,
351 1715 415 1755 rem
437 1715 519 1753 suam
535 1694 593 1754 sibi
606 1695 745 1767 restitui·
764 1716 798 1754 ae
821 1696 897 1755 odeo
918 1699 1020 1775 potius

59 1776 126 1846 ruit,
142 1795 214 1836 eam
229 1797 288 1836 uon
303 1775 500 1834 intertinerid
512 1774 598 1834 fure:
619 1794 724 1833 verum
736 1775 856 1855 quidem
868 1788 924 1847 est,
939 1778 1021 1858 quod

61 1854 200 1915 domiuus
214 1855 411 1915 communiter
421 1864 579 1913 censeatur
593 1853 680 1923 velle,
701 1863 736 1912 ut
757 1854 815 1925 fur,
840 1855 865 1914 si
879 1874 943 1913 rem
958 1877 1019 1920 nou

10 1945 30 2000 rt,
59 1935 210 2007 restituet,
226 1954 291 1995 eum
304 1935 453 2011 integram
469 1942 589 2002 servet;
609 1932 662 1991 sed
686 1933 756 1993 inde
770 1932 854 1992 nullo
868 1934 958 1994 modo
973 1955 1021 1995 so·

10 2031 31 2069 e
58 2014 171 2093 quitur,
195 2015 278 2093 quod
292 2014 344 2072 det
357 2012 617 2081 commissionem
637 2012 775 2071 dominus
795 2013 875 2071 enim
900 2023 1020 2073 tautum

10 2091 31 2145 ii·
60 2093 124 2151 ruit
138 2093 182 2164 id,
199 2094 238 2152 ad
252 2093 333 2172 quod
346 2093 405 2163 fur,
433 2092 459 2151 si
473 2111 536 2150 rem
550 2092 711 2151 restituere
735 2090 821 2162 nolit,
849 2091 1020 2170 obligatum

10 2190 30 2226 ns
58 2171 185 2232 sinendo
210 2174 290 2232 enim
311 2172 421 2250 perire,
442 2171 583 2250 injuriam
608 2170 729 2229 domino
744 2171 835 2230 facit:
857 2172 899 2229 sio
920 2172 1020 2231 nullus

10 2277 13 2303 i
56 2251 147 2322 dicet,
170 2252 254 2333 quod
267 2261 363 2330 poter,
388 2249 471 2328 cujus
485 2250 563 2309 filius
587 2250 699 2328 injuste
713 2270 731 2307 a
745 2250 884 2330 quopiam
905 2255 1020 2310 carceri

10 2338 27 2382 n
56 2330 194 2390 inclusus
208 2340 263 2402 est,
272 2342 304 2390 et
318 2330 429 2389 ibidem
439 2349 516 2408 pene
530 2340 561 2389 et
575 2330 652 2409 aquei
665 2329 764 2399 alitus,
777 2330 1019 2390 commissionem

56 2408 180 2470 dederit
194 2409 305 2488 injusto
315 2410 476 2480 detentori,
485 2409 577 2467 filium
593 2428 679 2475 suum
688 2429 764 2487 pane
779 2419 810 2467 et
820 2410 1019 2489 aquiciendi3

10 2494 20 2548 i
56 2488 131 2548 iicet
144 2490 234 2548 malit
248 2510 315 2548 eum
330 2491 372 2548 sic
383 2489 431 2558 ali,
452 2509 540 2570 quam
552 2488 630 2546 fame
645 2489 755 2564 perire.

10 2581 14 2617 i
97 2567 174 2647 Obj.
199 2569 223 2628 1.
245 2570 351 2628 Potest
369 2587 523 2646 possessor
538 2566 621 2626 bonae
636 2567 704 2625 fidei
720 2587 864 2645 expensas
878 2568 967 2626 utiles
988 2578 1020 2628 et

57 2649 248 2707 necessarias
263 2648 430 2707 deducere:
451 2666 524 2724 ergo
540 2657 571 2705 et
584 2665 738 2724 possessor
751 2647 836 2705 melec
849 2647 928 2706 fidei.

97 2728 139 2787 R.
161 2727 243 2806 Neg.
263 2747 381 2808 conseq.
402 2727 571 2803 Disperites
594 2736 649 2796 est,
670 2726 751 2806 quod
765 2745 918 2804 possessor
932 2725 1017 2786 bouae

55 2805 130 2866 fidei
144 2806 263 2864 utiliter
277 2816 362 2884 geret
376 2825 439 2864 rem
453 2805 565 2863 domini
576 2825 615 2864 ex
625 2807 716 2863 tacito
726 2803 790 2882 ejus
801 2805 1020 2875 commissione,

59 2885 166 2966 sicque
176 2885 248 2963 jura
262 2904 402 2961 expresse
417 2894 567 2942 statuant:
592 2883 644 2942 sed
658 2883 700 2942 nil
714 2884 810 2943 simile
825 2884 951 2943 hebetur
964 2904 1020 2962 pm

64 2982 243 3042 possessore
254 2965 338 3023 melae
346 2963 425 3023 fidei.

103 3042 176 3121 Obj.
200 3043 242 3102 ΙΙ.
262 3044 397 3123 AEquum
420 3063 479 3101 non
504 3051 560 3113 est,
589 3051 623 3101 ut
644 3042 781 3102 dominus
796 3063 834 3102 ex
848 3043 951 3101 alienis
966 3063 1017 3103 ex·

61 3124 175 3200 pensis,
197 3123 301 3182 labore
323 3134 354 3181 et
378 3122 525 3181 industriis
539 3122 684 3181 ditescat:
705 3123 787 3202 etqui
802 3122 832 3180 in
846 3143 917 3180 cusu
931 3122 1020 3181 dites·

62 3212 157 3272 eeret,
179 3202 205 3259 si
220 3203 269 3262 fur
280 3222 334 3280 pro
348 3201 385 3260 iis
400 3200 443 3266 nil,
456 3203 550 3280 possit
565 3200 730 3260 deducere:
752 3220 835 3278 ergo,
858 3203 909 3260 &c

101 3281 143 3340 R.
159 3280 299 3361 Iniquum
310 3301 369 3339 non
379 3291 425 3339 est
434 3280 580 3340 ditescere
589 3300 627 3338 ex
638 3280 808 3351 alienomisi
819 3281 884 3360 quis
895 3281 1022 3339 ditescat

65 3380 120 3438 per
129 3361 287 3438 iujuriam;
301 3361 461 3419 hocautem
471 3380 529 3418 non
538 3359 573 3417 iit
582 3359 611 3417 in
621 3379 704 3428 casu3
718 3379 783 3425 cum
794 3361 871 3416 enim
882 3378 1020 3436 expense

63 3438 122 3498 illes
131 3440 318 3499 accreverint
325 3438 369 3497 rei
379 3439 500 3509 domiui,
514 3438 603 3518 idque
613 3439 688 3497 citra
699 3437 763 3516 ejus
774 3437 1021 3508 commissionem,

65 3518 122 3577 sibi
135 3521 284 3597 imputare
299 3517 389 3577 debet
402 3518 459 3587 for,
480 3517 560 3597 quod
574 3517 691 3576 illerum
700 3518 847 3595 jacturam
861 3517 1001 3594 patietur.

106 3597 182 3675 obj.
205 3598 265 3656 111.
288 3597 472 3657 simoniacus
486 3607 586 3674 potest
610 3596 757 3655 deducere
771 3615 916 3673 expensas
929 3597 1022 3655 fictas

10 3676 13 3737 i
66 3679 157 3736 causis
170 3676 333 3747 fructuum,
358 3686 392 3734 ut
406 3675 493 3734 docet
509 3676 539 3737 S.
554 3676 660 3737 Thom.
680 3679 708 3734 2.
722 3678 750 3733 2.
765 3684 869 3755 quoest.
886 3678 951 3734 100.
965 3687 1021 3733 art.

10 3788 18 3880 p
73 3760 102 3814 6.
122 3757 162 3816 od
176 3759 206 3815 3.
226 3756 401 3833 ergoetiem
415 3755 473 3814 fur.
