2160 4034
225 795 779 906 nenorosus

483 1013 527 1055 DF}

275 1175 396 1240 JURE
419 1176 479 1241 ET
503 1173 720 1241 JUSTITIA

371 1397 652 1416 Ἠ

73 1556 115 1613 Ν.
142 1558 168 1614 l.
211 1558 273 1618 Du
293 1559 564 1620 VIRTUTIBUS
586 1560 920 1636 OARDINALIBUS

362 1638 636 1700 GENERATIM.

282 1797 316 1856 S.
343 1796 440 1855 Tium.
464 1801 489 1856 l.
510 1800 538 1855 2.
557 1809 654 1875 quoest.
674 1799 723 1859 61.

31 1953 49 2010 l.
77 1953 160 2011 Inter
189 1955 307 2014 uirtutes
335 1955 453 2014 mocio
487 1957 608 2015 eminent
635 1967 766 2034 quatuor.
815 1956 857 2016 ΙΙ.
877 1957 971 2018 Dicto

60 2033 233 2092 cardinales.
273 2033 333 2094 111.
358 2034 500 2112 Opposita
519 2035 797 2113 vulneribuspeccoti
812 2038 962 2111 oriqinalir

62 2111 119 2170 IV.
144 2113 302 2172 Continent
321 2114 396 2171 ulios
422 2123 455 2171 ot
469 2124 576 2191 portes.
626 2113 665 2174 V.
687 2115 872 2192 Sulp'oeuvar.
914 2117 970 2178 VI.

59 2191 229 2267 Iuteqralcs.
271 2192 345 2254 VII.
374 2192 424 2251 Vel
436 2193 609 2270 potentiales.

60 2349 84 2406 Ι.
107 2349 336 2410 VIRTUTES
351 2370 452 2408 omnes
462 2349 588 2409 morales
598 2350 780 2410 reducuntur
793 2353 831 2410 ad
846 2363 973 2431 quatuor

24 2429 199 2498 cardinales
215 2430 403 2507 prudentiam
417 2430 538 2498 scilicet,
554 2431 712 2508 justitium,
726 2431 932 2492 fortitudinem
947 2431 973 2492 it

22 2509 262 2585 temperantiam,
272 2530 345 2588 quas
354 2511 501 2587 expressit
511 2511 634 2587 Sapiens
645 2531 669 2567 o.
680 2512 706 2568 8.
717 2510 756 2571 V.
767 2512 795 2568 7.
828 2521 847 2548 “
855 2511 985 2572 Sobrie»

23 2598 38 2622 ‘⁶
52 2596 190 2647 tatem...
205 2590 233 2646 ἃ
246 2589 433 2666 prudentium
446 2589 541 2658 docet,
556 2591 582 2651 u
591 2587 740 2666 justitiam
755 2591 781 2648 &
795 2589 936 2650 virtutem
946 2594 971 2651 :”

22 2667 68 2723 ubi
91 2667 288 2726 “sobrietas''
307 2669 429 2746 ponitur
452 2687 507 2747 pro
531 2668 735 2747 temperantia,
756 2670 897 2728 “virtus’'
916 2691 972 2749 pro

21 2745 211 2804 fortitudine.

60 2825 101 2883 ll.
122 2827 268 2884 Virtutes
281 2826 339 2884 illae
353 2838 496 2885 vocentur
509 2818 681 2896 cardinules,
697 2827 766 2904 quia
780 2826 808 2883 in
821 2827 879 2886 illis
889 2830 972 2889 velut

23 2904 193 2962 cardinibus
202 2905 298 2965 omnis
310 2906 441 2965 honeste
450 2906 517 2965 vite
526 2907 744 2964 ratiovertitur.
756 2907 823 2964 Art.
829 2911 857 2966 ·2.
867 2909 972 2986 probet

24 2984 55 3040 S.
66 2984 174 3042 Thom.
185 3005 251 3042 esse
260 2984 375 3045 tantum
386 2998 513 3064 quatuor
524 2985 649 3044 virtutes
659 2985 830 3054 cardinales,
843 2989 934 3046 &art
943 2993 971 3047 4.

21 3061 126 3138 probat
142 3083 211 3121 esse
226 3063 379 3122 distinctus
393 3064 429 3123 ab
443 3065 586 3133 invicem3
607 3065 676 3143 quia
687 3064 844 3140 prudentie
858 3069 972 3128 caeteris

20 3140 117 3199 lumen
134 3143 309 3220 praeferens,
324 3155 370 3202 eet
384 3144 412 3201 in
423 3145 577 3221 eligendis,
592 3144 789 3220 temperantia
803 3145 831 3200 in
845 3147 971 3220 utendis,

20 3220 170 3280 fortitudo
184 3223 215 3280 in
231 3223 402 3291 tolerandis,
421 3226 447 3282 ir
456 3224 576 3302 justitia
589 3225 618 3281 in
634 3222 855 3282 distribuendis.

59 3299 121 3358 Ill.
145 3301 287 3360 Virtutes
296 3302 459 3361 cardinales
469 3314 658 3380 opponuntur
667 3313 794 3379 quatuor
803 3302 973 3367 vulneribus

23 3381 135 3514 peccati
152 3381 325 3459 originalis;
345 3382 503 3460 prudentia
513 3382 649 3440 medetur
660 3382 835 3458 ignorantiae
845 3383 875 3440 in
886 3383 973 3443 intel·
1059 3392 1063 3399 '

35 3468 107 3528 ectu,
118 3459 244 3536 justitia
258 3461 378 3519 melitius
392 3461 421 3519 in
437 3461 598 3532 voluntate,
611 3461 757 3520 fortitudo
768 3460 930 3522 infirmitati
942 3467 973 3524 in

26 3538 831 3619 appetituirascibili,littemperantiaconcupiscentiein
838 3546 973 3621 appetitu

27 3619 256 3695 concupiscibili.
292 3619 372 3679 Hine
383 3620 469 3680 simul
480 3621 651 3680 earumdem
666 3622 808 3680 virtutum
823 3621 972 3701 objectum

27 3696 193 3758 innotescit.

61 3792 128 3835 ror..
142 3796 178 3836 11.
498 3801 521 3845 A
