<?xml version="1.0" encoding="UTF-8"?>
<!DOCTYPE html PUBLIC "-//W3C//DTD XHTML 1.0 Transitional//EN"
    "http://www.w3.org/TR/xhtml1/DTD/xhtml1-transitional.dtd">
<html xmlns="http://www.w3.org/1999/xhtml" xml:lang="en" lang="en">
 <head>
  <title>
</title>
<meta http-equiv="Content-Type" content="text/html;charset=utf-8" />
  <meta name='ocr-system' content='tesseract 3.04.00' />
  <meta name='ocr-capabilities' content='ocr_page ocr_carea ocr_par ocr_line ocrx_word'/>
</head>
<body>
  <div class='ocr_page' id='page_1' title='image "./theologiamorali01densgoog_0099.png"; bbox 0 0 2160 4034; ppageno 0'>
   <div class='ocr_carea' id='block_1_1' title="bbox 85 169 679 242">
    <p class='ocr_par' dir='ltr' id='par_1_1' title="bbox 85 169 679 242">
     <span class='ocr_line' id='line_1_1' title="bbox 85 169 679 242; baseline -0.01 0"><span class='ocrx_word' id='word_1_1' title='bbox 85 185 125 242; x_wconf 86' lang='lat'>88</span> <span class='ocrx_word' id='word_1_2' title='bbox 346 169 348 179; x_wconf 83' lang='lat'>&#39;</span> <span class='ocrx_word' id='word_1_3' title='bbox 492 192 679 237; x_wconf 77' lang='lat' dir='ltr'>rescrsrus</span> 
     </span>
    </p>
   </div>
   <div class='ocr_carea' id='block_1_2' title="bbox 21 297 1041 3001">
    <p class='ocr_par' dir='ltr' id='par_1_2' title="bbox 80 297 1040 542">
     <span class='ocr_line' id='line_1_2' title="bbox 80 297 1039 379; baseline -0.003 -18"><span class='ocrx_word' id='word_1_4' title='bbox 80 302 241 362; x_wconf 71' lang='lat' dir='ltr'>restituere</span> <span class='ocrx_word' id='word_1_5' title='bbox 263 298 400 358; x_wconf 84' lang='lat' dir='ltr'>domino:</span> <span class='ocrx_word' id='word_1_6' title='bbox 422 298 448 357; x_wconf 90' lang='lat' dir='ltr'>si</span> <span class='ocrx_word' id='word_1_7' title='bbox 456 305 554 358; x_wconf 85' lang='lat' dir='ltr'>tumen</span> <span class='ocrx_word' id='word_1_8' title='bbox 570 297 706 358; x_wconf 89' lang='lat' dir='ltr'>dominus</span> <span class='ocrx_word' id='word_1_9' title='bbox 720 317 759 358; x_wconf 86' lang='lat' dir='ltr'>ex</span> <span class='ocrx_word' id='word_1_10' title='bbox 773 301 903 360; x_wconf 84' lang='lat' dir='ltr'>carentis</span> <span class='ocrx_word' id='word_1_11' title='bbox 917 302 1039 379; x_wconf 89' lang='lat' dir='ltr'>pecuni-</span> 
     </span>
     <span class='ocr_line' id='line_1_3' title="bbox 81 377 1040 456; baseline -0.002 -16"><span class='ocrx_word' id='word_1_12' title='bbox 81 401 167 440; x_wconf 79' lang='lat' dir='ltr'>arum</span> <span class='ocrx_word' id='word_1_13' title='bbox 181 381 320 438; x_wconf 84' lang='lat' dir='ltr'>damnum</span> <span class='ocrx_word' id='word_1_14' title='bbox 334 397 438 456; x_wconf 82' lang='lat' dir='ltr'>puseus</span> <span class='ocrx_word' id='word_1_15' title='bbox 452 379 500 449; x_wconf 92' lang='lat' dir='ltr'>sit,</span> <span class='ocrx_word' id='word_1_16' title='bbox 521 377 569 436; x_wconf 85' lang='lat' dir='ltr'>vel</span> <span class='ocrx_word' id='word_1_17' title='bbox 583 381 601 437; x_wconf 76' lang='grc' dir='ltr'><strong>ὲ</strong></span> <span class='ocrx_word' id='word_1_18' title='bbox 614 378 697 436; x_wconf 88' lang='lat' dir='ltr'>lucro</span> <span class='ocrx_word' id='word_1_19' title='bbox 718 378 853 438; x_wconf 84' lang='lat' dir='ltr'>faciendo</span> <span class='ocrx_word' id='word_1_20' title='bbox 877 381 969 440; x_wconf 83' lang='lat' dir='ltr'>fuerit</span> <span class='ocrx_word' id='word_1_21' title='bbox 984 383 1040 438; x_wconf 78' lang='lat' dir='ltr'>im·</span> 
     </span>
     <span class='ocr_line' id='line_1_4' title="bbox 82 457 1033 542; baseline -0.005 -23"><span class='ocrx_word' id='word_1_22' title='bbox 82 459 213 542; x_wconf 81' lang='lat' dir='ltr'>peditus,</span> <span class='ocrx_word' id='word_1_23' title='bbox 236 459 298 516; x_wconf 76' lang='lat' dir='ltr'>hsce</span> <span class='ocrx_word' id='word_1_24' title='bbox 310 457 360 515; x_wconf 87' lang='lat' dir='ltr'>fur</span> <span class='ocrx_word' id='word_1_25' title='bbox 373 477 512 535; x_wconf 80' lang='lat' dir='ltr'>reparare</span> <span class='ocrx_word' id='word_1_26' title='bbox 523 469 651 516; x_wconf 89' lang='lat' dir='ltr'>tenetur.</span> <span class='ocrx_word' id='word_1_27' title='bbox 1029 508 1033 514; x_wconf 92' lang='lat'>.</span> 
     </span>
    </p>

    <p class='ocr_par' dir='ltr' id='par_1_3' title="bbox 80 537 1041 1075">
     <span class='ocr_line' id='line_1_5' title="bbox 124 537 1041 609; baseline 0 -11"><span class='ocrx_word' id='word_1_28' title='bbox 124 539 150 598; x_wconf 93' lang='lat' dir='ltr'>I.</span> <span class='ocrx_word' id='word_1_29' title='bbox 165 541 212 596; x_wconf 86' lang='grc'>20.</span> <span class='ocrx_word' id='word_1_30' title='bbox 227 537 401 598; x_wconf 89' lang='lat' dir='ltr'>Restituere</span> <span class='ocrx_word' id='word_1_31' title='bbox 416 537 506 595; x_wconf 91' lang='lat' dir='ltr'>debet</span> <span class='ocrx_word' id='word_1_32' title='bbox 517 538 741 596; x_wconf 80' lang='lat' dir='ltr'>omnesiructus</span> <span class='ocrx_word' id='word_1_33' title='bbox 752 539 911 609; x_wconf 80' lang='lat' dir='ltr'>naturales,</span> <span class='ocrx_word' id='word_1_34' title='bbox 926 539 1041 598; x_wconf 83' lang='lat' dir='ltr'>mixtos</span> 
     </span>
     <span class='ocr_line' id='line_1_6' title="bbox 82 616 1041 699; baseline 0 -21"><span class='ocrx_word' id='word_1_35' title='bbox 82 628 114 678; x_wconf 90' lang='lat' dir='ltr'>et</span> <span class='ocrx_word' id='word_1_36' title='bbox 128 618 240 688; x_wconf 89' lang='lat' dir='ltr'>civiles,</span> <span class='ocrx_word' id='word_1_37' title='bbox 261 636 335 699; x_wconf 88' lang='lat' dir='ltr'>quos</span> <span class='ocrx_word' id='word_1_38' title='bbox 345 616 488 694; x_wconf 81' lang='lat' dir='ltr'>percepit,</span> <span class='ocrx_word' id='word_1_39' title='bbox 510 617 573 674; x_wconf 88' lang='lat' dir='ltr'>sive</span> <span class='ocrx_word' id='word_1_40' title='bbox 588 616 683 675; x_wconf 84' lang='lat' dir='ltr'>adhuc</span> <span class='ocrx_word' id='word_1_41' title='bbox 697 628 802 676; x_wconf 88' lang='lat' dir='ltr'>extent</span> <span class='ocrx_word' id='word_1_42' title='bbox 815 618 878 677; x_wconf 85' lang='lat' dir='ltr'>sive</span> <span class='ocrx_word' id='word_1_43' title='bbox 889 639 958 688; x_wconf 93' lang='lat' dir='ltr'>non,</span> <span class='ocrx_word' id='word_1_44' title='bbox 974 617 1041 678; x_wconf 89' lang='lat' dir='ltr'>sive</span> 
     </span>
     <span class='ocr_line' id='line_1_7' title="bbox 80 695 1039 776; baseline 0 -20"><span class='ocrx_word' id='word_1_45' title='bbox 80 697 153 757; x_wconf 92' lang='lat' dir='ltr'>inde</span> <span class='ocrx_word' id='word_1_46' title='bbox 167 700 207 756; x_wconf 91' lang='lat' dir='ltr'>sit</span> <span class='ocrx_word' id='word_1_47' title='bbox 220 697 315 755; x_wconf 83' lang='lat' dir='ltr'>fectus</span> <span class='ocrx_word' id='word_1_48' title='bbox 326 695 418 754; x_wconf 88' lang='lat' dir='ltr'>ditior</span> <span class='ocrx_word' id='word_1_49' title='bbox 429 696 560 753; x_wconf 88' lang='lat' dir='ltr'>sivenou</span> <span class='ocrx_word' id='word_1_50' title='bbox 573 717 581 754; x_wconf 78' lang='lat' dir='ltr'>t</span> <span class='ocrx_word' id='word_1_51' title='bbox 601 696 662 754; x_wconf 83' lang='lat' dir='ltr'>imd</span> <span class='ocrx_word' id='word_1_52' title='bbox 672 697 697 754; x_wconf 90' lang='lat' dir='ltr'>si</span> <span class='ocrx_word' id='word_1_53' title='bbox 706 696 824 776; x_wconf 88' lang='lat' dir='ltr'>iniquus</span> <span class='ocrx_word' id='word_1_54' title='bbox 834 717 990 774; x_wconf 82' lang='lat' dir='ltr'>possessor</span> <span class='ocrx_word' id='word_1_55' title='bbox 1000 716 1039 756; x_wconf 84' lang='lat' dir='ltr'>ex</span> 
     </span>
     <span class='ocr_line' id='line_1_8' title="bbox 81 774 1039 856; baseline 0 -20"><span class='ocrx_word' id='word_1_56' title='bbox 81 777 226 856; x_wconf 78' lang='lat' dir='ltr'><strong>singulari</strong></span> <span class='ocrx_word' id='word_1_57' title='bbox 235 774 443 835; x_wconf 84' lang='lat' dir='ltr'>suoindustrie</span> <span class='ocrx_word' id='word_1_58' title='bbox 453 795 504 835; x_wconf 87' lang='lat' dir='ltr'>eos</span> <span class='ocrx_word' id='word_1_59' title='bbox 518 777 709 853; x_wconf 81' lang='lat' dir='ltr'>percepisset,</span> <span class='ocrx_word' id='word_1_60' title='bbox 723 795 778 834; x_wconf 90' lang='lat' dir='ltr'>nec</span> <span class='ocrx_word' id='word_1_61' title='bbox 787 776 924 835; x_wconf 90' lang='lat' dir='ltr'>dominus</span> <span class='ocrx_word' id='word_1_62' title='bbox 933 777 1039 836; x_wconf 84' lang='lat' dir='ltr'>fuisset</span> 
     </span>
     <span class='ocr_line' id='line_1_9' title="bbox 82 854 1036 936; baseline -0.003 -19"><span class='ocrx_word' id='word_1_63' title='bbox 82 875 136 917; x_wconf 89' lang='lat' dir='ltr'>eos</span> <span class='ocrx_word' id='word_1_64' title='bbox 150 868 361 935; x_wconf 88' lang='lat' dir='ltr'>percepturus;</span> <span class='ocrx_word' id='word_1_65' title='bbox 381 855 452 935; x_wconf 83' lang='lat' dir='ltr'>quis</span> <span class='ocrx_word' id='word_1_66' title='bbox 471 854 586 913; x_wconf 83' lang='lat' dir='ltr'>fructus</span> <span class='ocrx_word' id='word_1_67' title='bbox 610 855 664 925; x_wconf 90' lang='lat' dir='ltr'>rei,</span> <span class='ocrx_word' id='word_1_68' title='bbox 686 854 742 913; x_wconf 87' lang='lat' dir='ltr'>hoc</span> <span class='ocrx_word' id='word_1_69' title='bbox 755 855 831 932; x_wconf 87' lang='lat' dir='ltr'>ip&#39;so,</span> <span class='ocrx_word' id='word_1_70' title='bbox 854 877 913 936; x_wconf 92' lang='lat' dir='ltr'>quo</span> <span class='ocrx_word' id='word_1_71' title='bbox 926 855 1036 934; x_wconf 90' lang='lat' dir='ltr'>produ·</span> 
     </span>
     <span class='ocr_line' id='line_1_10' title="bbox 82 933 1035 1015; baseline -0.001 -20"><span class='ocrx_word' id='word_1_72' title='bbox 82 946 200 1006; x_wconf 74' lang='lat' dir='ltr'>ciuntur,</span> <span class='ocrx_word' id='word_1_73' title='bbox 211 935 287 993; x_wconf 88' lang='lat' dir='ltr'>fiunt</span> <span class='ocrx_word' id='word_1_74' title='bbox 300 934 390 1005; x_wconf 89' lang='lat' dir='ltr'>illius,</span> <span class='ocrx_word' id='word_1_75' title='bbox 401 935 452 1015; x_wconf 93' lang='lat' dir='ltr'>qui</span> <span class='ocrx_word' id='word_1_76' title='bbox 463 945 511 993; x_wconf 87' lang='lat' dir='ltr'>est</span> <span class='ocrx_word' id='word_1_77' title='bbox 521 933 659 994; x_wconf 90' lang='lat' dir='ltr'>dominus</span> <span class='ocrx_word' id='word_1_78' title='bbox 669 935 725 1005; x_wconf 89' lang='lat' dir='ltr'>rei,</span> <span class='ocrx_word' id='word_1_79' title='bbox 739 934 806 993; x_wconf 81' lang='lat' dir='ltr'>cum</span> <span class='ocrx_word' id='word_1_80' title='bbox 815 955 864 992; x_wconf 91' lang='lat' dir='ltr'>res</span> <span class='ocrx_word' id='word_1_81' title='bbox 878 935 1035 994; x_wconf 85' lang='lat' dir='ltr'>fructificet</span> 
     </span>
     <span class='ocr_line' id='line_1_11' title="bbox 80 1013 647 1075; baseline -0.004 -1"><span class='ocrx_word' id='word_1_82' title='bbox 80 1015 203 1075; x_wconf 91' lang='lat' dir='ltr'>domino</span> <span class='ocrx_word' id='word_1_83' title='bbox 217 1035 280 1073; x_wconf 89' lang='lat' dir='ltr'>sno.</span> <span class='ocrx_word' id='word_1_84' title='bbox 645 1013 647 1023; x_wconf 79' lang='grc'><em>’</em></span> 
     </span>
    </p>

    <p class='ocr_par' dir='ltr' id='par_1_4' title="bbox 76 1092 1041 1331">
     <span class='ocr_line' id='line_1_12' title="bbox 122 1092 1041 1172; baseline 0 -19"><span class='ocrx_word' id='word_1_85' title='bbox 122 1092 195 1172; x_wconf 83' lang='lat' dir='ltr'>obj.</span> <span class='ocrx_word' id='word_1_86' title='bbox 216 1093 349 1152; x_wconf 85' lang='lat' dir='ltr'>Fruxtcs</span> <span class='ocrx_word' id='word_1_87' title='bbox 362 1093 460 1163; x_wconf 85' lang='lat' dir='ltr'>mixti,</span> <span class='ocrx_word' id='word_1_88' title='bbox 481 1102 515 1152; x_wconf 89' lang='lat' dir='ltr'>ut</span> <span class='ocrx_word' id='word_1_89' title='bbox 529 1093 698 1151; x_wconf 89' lang='lat' dir='ltr'>dictumest</span> <span class='ocrx_word' id='word_1_90' title='bbox 712 1092 804 1151; x_wconf 92' lang='lat' dir='ltr'>Num.</span> <span class='ocrx_word' id='word_1_91' title='bbox 817 1095 867 1151; x_wconf 80' lang='lat'>47.</span> <span class='ocrx_word' id='word_1_92' title='bbox 881 1112 936 1171; x_wconf 89' lang='lat' dir='ltr'>pro</span> <span class='ocrx_word' id='word_1_93' title='bbox 950 1104 1041 1170; x_wconf 85' lang='lat' dir='ltr'>purte</span> 
     </span>
     <span class='ocr_line' id='line_1_13' title="bbox 79 1172 1041 1250; baseline -0.001 -17"><span class='ocrx_word' id='word_1_94' title='bbox 79 1184 150 1233; x_wconf 87' lang='lat' dir='ltr'>sunt</span> <span class='ocrx_word' id='word_1_95' title='bbox 164 1172 365 1243; x_wconf 86' lang='lat' dir='ltr'>industricles,</span> <span class='ocrx_word' id='word_1_96' title='bbox 386 1183 418 1230; x_wconf 90' lang='lat' dir='ltr'>et</span> <span class='ocrx_word' id='word_1_97' title='bbox 435 1192 491 1249; x_wconf 91' lang='lat' dir='ltr'>pro</span> <span class='ocrx_word' id='word_1_98' title='bbox 505 1172 558 1230; x_wconf 87' lang='lat' dir='ltr'>illu</span> <span class='ocrx_word' id='word_1_99' title='bbox 571 1182 657 1250; x_wconf 84' lang='lat' dir='ltr'>purte</span> <span class='ocrx_word' id='word_1_100' title='bbox 670 1173 848 1232; x_wconf 86' lang='lat' dir='ltr'>restituendi</span> <span class='ocrx_word' id='word_1_101' title='bbox 863 1193 923 1230; x_wconf 91' lang='lat' dir='ltr'>non</span> <span class='ocrx_word' id='word_1_102' title='bbox 937 1184 1006 1231; x_wconf 90' lang='lat' dir='ltr'>sunt</span> <span class='ocrx_word' id='word_1_103' title='bbox 1019 1175 1041 1232; x_wconf 77' lang='lat' dir='ltr'>i.</span> 
     </span>
     <span class='ocr_line' id='line_1_14' title="bbox 76 1250 1035 1331; baseline 0 -20"><span class='ocrx_word' id='word_1_104' title='bbox 76 1270 251 1331; x_wconf 87' lang='lat' dir='ltr'>possessore</span> <span class='ocrx_word' id='word_1_105' title='bbox 276 1251 359 1310; x_wconf 81' lang='lat' dir='ltr'>bonae</span> <span class='ocrx_word' id='word_1_106' title='bbox 373 1250 464 1310; x_wconf 89' lang='lat' dir='ltr'>fidei:</span> <span class='ocrx_word' id='word_1_107' title='bbox 485 1271 559 1330; x_wconf 88' lang='lat' dir='ltr'>ergo</span> <span class='ocrx_word' id='word_1_108' title='bbox 570 1271 628 1309; x_wconf 90' lang='lat' dir='ltr'>nec</span> <span class='ocrx_word' id='word_1_109' title='bbox 642 1252 660 1310; x_wconf 75' lang='lat' dir='ltr'>si</span> <span class='ocrx_word' id='word_1_110' title='bbox 673 1270 844 1329; x_wconf 83' lang='lat' dir='ltr'>possessore</span> <span class='ocrx_word' id='word_1_111' title='bbox 857 1251 942 1310; x_wconf 79' lang='lat' dir='ltr'>mulce</span> <span class='ocrx_word' id='word_1_112' title='bbox 956 1251 1035 1312; x_wconf 88' lang='lat' dir='ltr'>fidei.</span> 
     </span>
    </p>

    <p class='ocr_par' dir='ltr' id='par_1_5' title="bbox 21 1330 1041 1807">
     <span class='ocr_line' id='line_1_15' title="bbox 119 1330 1041 1412; baseline -0.001 -20"><span class='ocrx_word' id='word_1_113' title='bbox 119 1333 158 1392; x_wconf 88' lang='lat' dir='ltr'>R.</span> <span class='ocrx_word' id='word_1_114' title='bbox 180 1332 259 1409; x_wconf 81' lang='lat' dir='ltr'>Neg.</span> <span class='ocrx_word' id='word_1_115' title='bbox 280 1351 398 1411; x_wconf 88' lang='lat' dir='ltr'>conseq.</span> <span class='ocrx_word' id='word_1_116' title='bbox 420 1330 589 1408; x_wconf 84' lang='lat' dir='ltr'>Disperitas</span> <span class='ocrx_word' id='word_1_117' title='bbox 604 1340 659 1401; x_wconf 87' lang='lat' dir='ltr'>est,</span> <span class='ocrx_word' id='word_1_118' title='bbox 680 1330 759 1412; x_wconf 84' lang='lat' dir='ltr'>qudd</span> <span class='ocrx_word' id='word_1_119' title='bbox 784 1351 938 1409; x_wconf 87' lang='lat' dir='ltr'>possessor</span> <span class='ocrx_word' id='word_1_120' title='bbox 951 1330 1041 1391; x_wconf 66' lang='lat' dir='ltr'>boum¹</span> 
     </span>
     <span class='ocr_line' id='line_1_16' title="bbox 77 1410 1041 1490; baseline -0.002 -19"><span class='ocrx_word' id='word_1_121' title='bbox 77 1410 151 1471; x_wconf 87' lang='lat' dir='ltr'>fidei</span> <span class='ocrx_word' id='word_1_122' title='bbox 161 1411 230 1470; x_wconf 89' lang='lat' dir='ltr'>ideo</span> <span class='ocrx_word' id='word_1_123' title='bbox 244 1431 304 1470; x_wconf 91' lang='lat' dir='ltr'>uon</span> <span class='ocrx_word' id='word_1_124' title='bbox 315 1420 454 1470; x_wconf 81' lang='lat' dir='ltr'>teneatur</span> <span class='ocrx_word' id='word_1_125' title='bbox 462 1410 499 1469; x_wconf 86' lang='lat' dir='ltr'>ud</span> <span class='ocrx_word' id='word_1_126' title='bbox 510 1410 745 1469; x_wconf 83' lang='lat' dir='ltr'>fructusmixtos</span> <span class='ocrx_word' id='word_1_127' title='bbox 755 1430 810 1488; x_wconf 89' lang='lat' dir='ltr'>pro</span> <span class='ocrx_word' id='word_1_128' title='bbox 820 1431 855 1469; x_wconf 87' lang='lat' dir='ltr'>ea</span> <span class='ocrx_word' id='word_1_129' title='bbox 867 1421 962 1488; x_wconf 84' lang='lat' dir='ltr'>perte,</span> <span class='ocrx_word' id='word_1_130' title='bbox 977 1411 1041 1490; x_wconf 67' lang='lat' dir='ltr'>qud</span> 
     </span>
     <span class='ocr_line' id='line_1_17' title="bbox 21 1489 1038 1569; baseline 0.001 -20"><span class='ocrx_word' id='word_1_131' title='bbox 21 1515 23 1522; x_wconf 87' lang='grc'><em>·</em></span> <span class='ocrx_word' id='word_1_132' title='bbox 78 1501 149 1550; x_wconf 89' lang='lat' dir='ltr'>sunt</span> <span class='ocrx_word' id='word_1_133' title='bbox 173 1489 373 1560; x_wconf 84' lang='lat' dir='ltr'>iudustriules,</span> <span class='ocrx_word' id='word_1_134' title='bbox 395 1490 465 1569; x_wconf 85' lang='lat' dir='ltr'>quia</span> <span class='ocrx_word' id='word_1_135' title='bbox 488 1490 578 1566; x_wconf 83' lang='lat' dir='ltr'>juxte</span> <span class='ocrx_word' id='word_1_136' title='bbox 598 1489 690 1548; x_wconf 91' lang='lat' dir='ltr'>Num.</span> <span class='ocrx_word' id='word_1_137' title='bbox 703 1491 752 1547; x_wconf 79' lang='lat' dir='ltr'>te.</span> <span class='ocrx_word' id='word_1_138' title='bbox 775 1489 922 1548; x_wconf 83' lang='lat' dir='ltr'>deducere</span> <span class='ocrx_word' id='word_1_139' title='bbox 936 1499 1038 1567; x_wconf 87' lang='lat' dir='ltr'>potest</span> 
     </span>
     <span class='ocr_line' id='line_1_18' title="bbox 76 1567 1041 1648; baseline 0 -19"><span class='ocrx_word' id='word_1_140' title='bbox 76 1569 210 1630; x_wconf 83' lang='lat' dir='ltr'>laborem</span> <span class='ocrx_word' id='word_1_141' title='bbox 226 1581 257 1629; x_wconf 88' lang='lat' dir='ltr'>et</span> <span class='ocrx_word' id='word_1_142' title='bbox 271 1568 457 1639; x_wconf 87' lang='lat' dir='ltr'>industrium,</span> <span class='ocrx_word' id='word_1_143' title='bbox 479 1568 551 1627; x_wconf 88' lang='lat' dir='ltr'>item</span> <span class='ocrx_word' id='word_1_144' title='bbox 574 1588 730 1646; x_wconf 84' lang='lat' dir='ltr'>expensas,</span> <span class='ocrx_word' id='word_1_145' title='bbox 752 1567 858 1648; x_wconf 86' lang='lat' dir='ltr'>quibus</span> <span class='ocrx_word' id='word_1_146' title='bbox 872 1570 917 1627; x_wconf 91' lang='lat' dir='ltr'>rei</span> <span class='ocrx_word' id='word_1_147' title='bbox 930 1567 1041 1629; x_wconf 70' lang='lat' dir='ltr'>clienaei</span> 
     </span>
     <span class='ocr_line' id='line_1_19' title="bbox 76 1648 1041 1726; baseline -0.002 -18"><span class='ocrx_word' id='word_1_148' title='bbox 76 1650 162 1708; x_wconf 89' lang='lat' dir='ltr'>utilis</span> <span class='ocrx_word' id='word_1_149' title='bbox 172 1649 250 1717; x_wconf 82' lang='lat' dir='ltr'>fuit3</span> <span class='ocrx_word' id='word_1_150' title='bbox 271 1648 323 1707; x_wconf 89' lang='lat' dir='ltr'>sed</span> <span class='ocrx_word' id='word_1_151' title='bbox 338 1648 400 1706; x_wconf 84' lang='lat' dir='ltr'>haec</span> <span class='ocrx_word' id='word_1_152' title='bbox 415 1648 562 1706; x_wconf 87' lang='lat' dir='ltr'>deducere</span> <span class='ocrx_word' id='word_1_153' title='bbox 576 1667 635 1705; x_wconf 92' lang='lat' dir='ltr'>nou</span> <span class='ocrx_word' id='word_1_154' title='bbox 649 1667 737 1726; x_wconf 91' lang='lat' dir='ltr'>posse</span> <span class='ocrx_word' id='word_1_155' title='bbox 751 1648 870 1708; x_wconf 85' lang='lat' dir='ltr'>videtur</span> <span class='ocrx_word' id='word_1_156' title='bbox 883 1663 1041 1726; x_wconf 82' lang='lat' dir='ltr'>possessor</span> 
     </span>
     <span class='ocr_line' id='line_1_20' title="bbox 77 1727 704 1807; baseline -0.006 -18"><span class='ocrx_word' id='word_1_157' title='bbox 77 1727 164 1789; x_wconf 72' lang='lat' dir='ltr'>msice</span> <span class='ocrx_word' id='word_1_158' title='bbox 177 1727 256 1800; x_wconf 84' lang='lat' dir='ltr'>fidei,</span> <span class='ocrx_word' id='word_1_159' title='bbox 277 1737 312 1785; x_wconf 91' lang='lat' dir='ltr'>ut</span> <span class='ocrx_word' id='word_1_160' title='bbox 322 1727 439 1786; x_wconf 89' lang='lat' dir='ltr'>dicetur</span> <span class='ocrx_word' id='word_1_161' title='bbox 453 1727 545 1786; x_wconf 89' lang='lat' dir='ltr'>Num.</span> <span class='ocrx_word' id='word_1_162' title='bbox 559 1727 704 1807; x_wconf 83' lang='lat' dir='ltr'>sequenti.</span> 
     </span>
    </p>

    <p class='ocr_par' dir='ltr' id='par_1_6' title="bbox 76 1807 1041 1968">
     <span class='ocr_line' id='line_1_21' title="bbox 120 1807 1041 1885; baseline 0 -19"><span class='ocrx_word' id='word_1_163' title='bbox 120 1808 202 1882; x_wconf 84' lang='lat' dir='ltr'>Quid</span> <span class='ocrx_word' id='word_1_164' title='bbox 216 1808 241 1866; x_wconf 92' lang='lat' dir='ltr'>si</span> <span class='ocrx_word' id='word_1_165' title='bbox 254 1807 304 1866; x_wconf 88' lang='lat' dir='ltr'>fur</span> <span class='ocrx_word' id='word_1_166' title='bbox 326 1807 441 1866; x_wconf 85' lang='lat' dir='ltr'>fructus</span> <span class='ocrx_word' id='word_1_167' title='bbox 464 1826 524 1866; x_wconf 92' lang='lat' dir='ltr'>uon</span> <span class='ocrx_word' id='word_1_168' title='bbox 546 1807 725 1885; x_wconf 89' lang='lat' dir='ltr'>perceperit,</span> <span class='ocrx_word' id='word_1_169' title='bbox 753 1807 805 1866; x_wconf 89' lang='lat' dir='ltr'>sed</span> <span class='ocrx_word' id='word_1_170' title='bbox 831 1807 967 1865; x_wconf 90' lang='lat' dir='ltr'>domiuus</span> <span class='ocrx_word' id='word_1_171' title='bbox 982 1826 1041 1866; x_wconf 89' lang='lat' dir='ltr'>eos.</span> 
     </span>
     <span class='ocr_line' id='line_1_22' title="bbox 76 1887 286 1968; baseline -0.005 -20"><span class='ocrx_word' id='word_1_172' title='bbox 76 1887 286 1968; x_wconf 81' lang='lat' dir='ltr'>percepisset?</span> 
     </span>
    </p>

    <p class='ocr_par' dir='ltr' id='par_1_7' title="bbox 73 1964 1041 2502">
     <span class='ocr_line' id='line_1_23' title="bbox 98 1964 1041 2045; baseline -0.003 -18"><span class='ocrx_word' id='word_1_173' title='bbox 98 1984 100 1991; x_wconf 79' lang='grc'>’</span> <span class='ocrx_word' id='word_1_174' title='bbox 120 1967 162 2027; x_wconf 84' lang='grc' dir='ltr'>ΙΙ.</span> <span class='ocrx_word' id='word_1_175' title='bbox 183 1966 222 2026; x_wconf 85' lang='lat' dir='ltr'>R.</span> <span class='ocrx_word' id='word_1_176' title='bbox 243 1967 345 2026; x_wconf 83' lang='lat' dir='ltr'>Etiam</span> <span class='ocrx_word' id='word_1_177' title='bbox 365 1964 403 2025; x_wconf 88' lang='lat' dir='ltr'>ud</span> <span class='ocrx_word' id='word_1_178' title='bbox 425 1965 492 2025; x_wconf 91' lang='lat' dir='ltr'>illos</span> <span class='ocrx_word' id='word_1_179' title='bbox 506 1974 627 2024; x_wconf 87' lang='lat' dir='ltr'>tenetur</span> <span class='ocrx_word' id='word_1_180' title='bbox 640 1965 708 2025; x_wconf 83' lang='lat' dir='ltr'>fur:</span> <span class='ocrx_word' id='word_1_181' title='bbox 732 1964 823 2045; x_wconf 91' lang='lat' dir='ltr'>idque</span> <span class='ocrx_word' id='word_1_182' title='bbox 847 1986 951 2025; x_wconf 82' lang='lat' dir='ltr'>verum</span> <span class='ocrx_word' id='word_1_183' title='bbox 977 1976 1041 2036; x_wconf 83' lang='lat' dir='ltr'>est,</span> 
     </span>
     <span class='ocr_line' id='line_1_24' title="bbox 77 2044 1041 2123; baseline -0.006 -13"><span class='ocrx_word' id='word_1_184' title='bbox 77 2046 195 2110; x_wconf 77' lang='lat' dir='ltr'>etiamsi</span> <span class='ocrx_word' id='word_1_185' title='bbox 218 2046 355 2105; x_wconf 88' lang='lat' dir='ltr'>dominus</span> <span class='ocrx_word' id='word_1_186' title='bbox 369 2045 512 2122; x_wconf 78' lang='lat' dir='ltr'>singulari</span> <span class='ocrx_word' id='word_1_187' title='bbox 536 2044 639 2104; x_wconf 80' lang='lat' dir='ltr'>labore</span> <span class='ocrx_word' id='word_1_188' title='bbox 653 2054 685 2103; x_wconf 89' lang='lat' dir='ltr'>et</span> <span class='ocrx_word' id='word_1_189' title='bbox 698 2044 845 2103; x_wconf 78' lang='lat' dir='ltr'>industriis</span> <span class='ocrx_word' id='word_1_190' title='bbox 866 2065 917 2104; x_wconf 92' lang='lat' dir='ltr'>eos</span> <span class='ocrx_word' id='word_1_191' title='bbox 930 2064 1041 2123; x_wconf 89' lang='lat' dir='ltr'>perce-</span> 
     </span>
     <span class='ocr_line' id='line_1_25' title="bbox 75 2123 1041 2206; baseline -0.005 -21"><span class='ocrx_word' id='word_1_192' title='bbox 75 2126 181 2205; x_wconf 88' lang='lat' dir='ltr'>pisset,</span> <span class='ocrx_word' id='word_1_193' title='bbox 201 2136 253 2184; x_wconf 85' lang='lat' dir='ltr'>eut</span> <span class='ocrx_word' id='word_1_194' title='bbox 277 2125 368 2184; x_wconf 84' lang='lat' dir='ltr'>etiem</span> <span class='ocrx_word' id='word_1_195' title='bbox 382 2125 528 2206; x_wconf 83' lang='lat' dir='ltr'>quetemis</span> <span class='ocrx_word' id='word_1_196' title='bbox 540 2124 590 2182; x_wconf 85' lang='lat' dir='ltr'>sur</span> <span class='ocrx_word' id='word_1_197' title='bbox 605 2123 736 2184; x_wconf 87' lang='lat' dir='ltr'>reddidit</span> <span class='ocrx_word' id='word_1_198' title='bbox 746 2143 809 2182; x_wconf 89' lang='lat' dir='ltr'>rem</span> <span class='ocrx_word' id='word_1_199' title='bbox 825 2125 936 2182; x_wconf 90' lang='lat' dir='ltr'>domini</span> <span class='ocrx_word' id='word_1_200' title='bbox 947 2124 1041 2182; x_wconf 91' lang='lat' dir='ltr'>meli-</span> 
     </span>
     <span class='ocr_line' id='line_1_26' title="bbox 73 2202 1041 2283; baseline -0.002 -18"><span class='ocrx_word' id='word_1_201' title='bbox 73 2224 160 2265; x_wconf 86' lang='lat' dir='ltr'>orem</span> <span class='ocrx_word' id='word_1_202' title='bbox 172 2227 180 2275; x_wconf 85' lang='lat'>;</span> <span class='ocrx_word' id='word_1_203' title='bbox 200 2224 267 2263; x_wconf 86' lang='lat' dir='ltr'>nem</span> <span class='ocrx_word' id='word_1_204' title='bbox 273 2203 363 2282; x_wconf 82' lang='lat' dir='ltr'>juxta</span> <span class='ocrx_word' id='word_1_205' title='bbox 372 2203 469 2283; x_wconf 81' lang='lat' dir='ltr'>legem</span> <span class='ocrx_word' id='word_1_206' title='bbox 479 2207 529 2262; x_wconf 79' lang='lat'>38.</span> <span class='ocrx_word' id='word_1_207' title='bbox 538 2202 590 2262; x_wconf 94' lang='lat' dir='ltr'>lib.</span> <span class='ocrx_word' id='word_1_208' title='bbox 601 2207 630 2262; x_wconf 89' lang='lat'>6.</span> <span class='ocrx_word' id='word_1_209' title='bbox 638 2203 746 2280; x_wconf 82' lang='lat' dir='ltr'>digest.</span> <span class='ocrx_word' id='word_1_210' title='bbox 757 2203 805 2261; x_wconf 89' lang='lat' dir='ltr'>tit.</span> <span class='ocrx_word' id='word_1_211' title='bbox 821 2206 846 2261; x_wconf 90' lang='lat'>1.</span> <span class='ocrx_word' id='word_1_212' title='bbox 874 2203 1041 2264; x_wconf 76' lang='lat' dir='ltr'>“Fructus</span> 
     </span>
     <span class='ocr_line' id='line_1_27' title="bbox 76 2281 1041 2361; baseline -0.003 -18"><span class='ocrx_word' id='word_1_213' title='bbox 76 2293 101 2324; x_wconf 73' lang='grc'><strong>“</strong></span> <span class='ocrx_word' id='word_1_214' title='bbox 111 2303 171 2343; x_wconf 90' lang='lat' dir='ltr'>non</span> <span class='ocrx_word' id='word_1_215' title='bbox 185 2283 275 2342; x_wconf 91' lang='lat' dir='ltr'>modo</span> <span class='ocrx_word' id='word_1_216' title='bbox 288 2286 432 2361; x_wconf 87' lang='lat' dir='ltr'>percepti,</span> <span class='ocrx_word' id='word_1_217' title='bbox 454 2281 506 2341; x_wconf 86' lang='lat' dir='ltr'>sed</span> <span class='ocrx_word' id='word_1_218' title='bbox 521 2283 572 2360; x_wconf 88' lang='lat' dir='ltr'>qui</span> <span class='ocrx_word' id='word_1_219' title='bbox 585 2283 699 2361; x_wconf 90' lang='lat' dir='ltr'>percipi</span> <span class='ocrx_word' id='word_1_220' title='bbox 717 2283 842 2341; x_wconf 72' lang='lat' dir='ltr'>honeste</span> <span class='ocrx_word' id='word_1_221' title='bbox 856 2293 1041 2361; x_wconf 83' lang='lat' dir='ltr'>potuerunt,</span> 
     </span>
     <span class='ocr_line' id='line_1_28' title="bbox 75 2361 1041 2443; baseline 0 -20"><span class='ocrx_word' id='word_1_222' title='bbox 75 2371 96 2402; x_wconf 86' lang='lat'><strong>“</strong></span> <span class='ocrx_word' id='word_1_223' title='bbox 109 2363 275 2423; x_wconf 83' lang='lat' dir='ltr'>sestimsndi</span> <span class='ocrx_word' id='word_1_224' title='bbox 289 2362 384 2422; x_wconf 87' lang='lat' dir='ltr'>sunt.’&#39;</span> <span class='ocrx_word' id='word_1_225' title='bbox 424 2363 516 2421; x_wconf 82' lang='lat' dir='ltr'>Retio</span> <span class='ocrx_word' id='word_1_226' title='bbox 527 2371 582 2434; x_wconf 88' lang='lat' dir='ltr'>est,</span> <span class='ocrx_word' id='word_1_227' title='bbox 591 2362 671 2443; x_wconf 84' lang='lat' dir='ltr'>qudd</span> <span class='ocrx_word' id='word_1_228' title='bbox 681 2361 725 2420; x_wconf 86' lang='lat' dir='ltr'>ilii</span> <span class='ocrx_word' id='word_1_229' title='bbox 738 2362 852 2420; x_wconf 87' lang='lat' dir='ltr'>fructus</span> <span class='ocrx_word' id='word_1_230' title='bbox 861 2362 1041 2440; x_wconf 81' lang='lat' dir='ltr'>pertineant</span> 
     </span>
     <span class='ocr_line' id='line_1_29' title="bbox 76 2440 1041 2502; baseline -0.007 0"><span class='ocrx_word' id='word_1_231' title='bbox 76 2442 115 2502; x_wconf 83' lang='lat' dir='ltr'>sd</span> <span class='ocrx_word' id='word_1_232' title='bbox 126 2443 239 2501; x_wconf 88' lang='lat' dir='ltr'>lucrum</span> <span class='ocrx_word' id='word_1_233' title='bbox 253 2461 370 2501; x_wconf 81' lang='lat' dir='ltr'>cessans</span> <span class='ocrx_word' id='word_1_234' title='bbox 381 2440 503 2500; x_wconf 89' lang='lat' dir='ltr'>domini.</span> <span class='ocrx_word' id='word_1_235' title='bbox 1038 2477 1041 2501; x_wconf 71' lang='lat'>,</span> 
     </span>
    </p>

    <p class='ocr_par' dir='ltr' id='par_1_8' title="bbox 75 2520 1041 2901">
     <span class='ocr_line' id='line_1_30' title="bbox 116 2520 1041 2602; baseline -0.001 -22"><span class='ocrx_word' id='word_1_236' title='bbox 116 2522 238 2580; x_wconf 88' lang='lat' dir='ltr'>Dicitur</span> <span class='ocrx_word' id='word_1_237' title='bbox 248 2521 353 2599; x_wconf 87' lang='lat' dir='ltr'>inlege</span> <span class='ocrx_word' id='word_1_238' title='bbox 362 2521 469 2579; x_wconf 78' lang='lat' dir='ltr'>citata:</span> <span class='ocrx_word' id='word_1_239' title='bbox 483 2520 534 2602; x_wconf 87' lang='lat' dir='ltr'>qui</span> <span class='ocrx_word' id='word_1_240' title='bbox 543 2520 656 2599; x_wconf 90' lang='lat' dir='ltr'>percipi</span> <span class='ocrx_word' id='word_1_241' title='bbox 670 2528 689 2559; x_wconf 83' lang='lat'><strong>“</strong></span> <span class='ocrx_word' id='word_1_242' title='bbox 698 2520 840 2579; x_wconf 54' lang='lat' dir='ltr'>honest&amp;</span> <span class='ocrx_word' id='word_1_243' title='bbox 853 2530 1041 2598; x_wconf 66' lang='lat' dir='ltr'>potuerunts</span> 
     </span>
     <span class='ocr_line' id='line_1_31' title="bbox 77 2595 1040 2680; baseline -0.001 -19"><span class='ocrx_word' id='word_1_244' title='bbox 77 2595 191 2661; x_wconf 86' lang='lat' dir='ltr'>certum</span> <span class='ocrx_word' id='word_1_245' title='bbox 206 2601 284 2658; x_wconf 90' lang='lat' dir='ltr'>enim</span> <span class='ocrx_word' id='word_1_246' title='bbox 299 2609 354 2669; x_wconf 92' lang='lat' dir='ltr'>est,</span> <span class='ocrx_word' id='word_1_247' title='bbox 375 2600 459 2678; x_wconf 82' lang='lat' dir='ltr'>qudd</span> <span class='ocrx_word' id='word_1_248' title='bbox 471 2602 522 2659; x_wconf 84' lang='lat' dir='ltr'>fur</span> <span class='ocrx_word' id='word_1_249' title='bbox 534 2620 594 2658; x_wconf 89' lang='lat' dir='ltr'>non</span> <span class='ocrx_word' id='word_1_250' title='bbox 606 2609 743 2660; x_wconf 78' lang='lat' dir='ltr'>teneatur</span> <span class='ocrx_word' id='word_1_251' title='bbox 759 2599 797 2659; x_wconf 85' lang='lat' dir='ltr'>ud</span> <span class='ocrx_word' id='word_1_252' title='bbox 810 2598 936 2667; x_wconf 80' lang='lat' dir='ltr'>fructus,</span> <span class='ocrx_word' id='word_1_253' title='bbox 956 2607 1040 2680; x_wconf 69' lang='lat' dir='ltr'>quosi</span> 
     </span>
     <span class='ocr_line' id='line_1_32' title="bbox 77 2679 1041 2759; baseline 0.001 -19"><span class='ocrx_word' id='word_1_254' title='bbox 77 2680 215 2740; x_wconf 90' lang='lat' dir='ltr'>dominus</span> <span class='ocrx_word' id='word_1_255' title='bbox 227 2679 410 2759; x_wconf 89' lang='lat' dir='ltr'>percepisset</span> <span class='ocrx_word' id='word_1_256' title='bbox 429 2688 448 2717; x_wconf 72' lang='lat'>‘⁸</span> <span class='ocrx_word' id='word_1_257' title='bbox 459 2679 587 2738; x_wconf 58' lang='lat' dir='ltr'>illicite?</span> <span class='ocrx_word' id='word_1_258' title='bbox 755 2700 770 2741; x_wconf 80' lang='grc' dir='ltr'>ῑ·</span> <span class='ocrx_word' id='word_1_259' title='bbox 1030 2705 1041 2741; x_wconf 84' lang='lat' dir='ltr'>s</span> 
     </span>
     <span class='ocr_line' id='line_1_33' title="bbox 75 2836 1041 2901; baseline 0.002 -3"><span class='ocrx_word' id='word_1_260' title='bbox 75 2839 117 2899; x_wconf 89' lang='lat' dir='ltr'>N.</span> <span class='ocrx_word' id='word_1_261' title='bbox 131 2842 179 2898; x_wconf 81' lang='lat'>52.</span> <span class='ocrx_word' id='word_1_262' title='bbox 221 2839 286 2898; x_wconf 91' lang='lat' dir='ltr'>AN</span> <span class='ocrx_word' id='word_1_263' title='bbox 307 2837 554 2898; x_wconf 86' lang='lat' dir='ltr'>POSSESSOR</span> <span class='ocrx_word' id='word_1_264' title='bbox 574 2837 713 2897; x_wconf 81' lang='lat' dir='ltr'>MALAE</span> <span class='ocrx_word' id='word_1_265' title='bbox 728 2836 852 2896; x_wconf 84' lang='lat' dir='ltr'><strong>FIDEI</strong></span> <span class='ocrx_word' id='word_1_266' title='bbox 874 2836 1041 2901; x_wconf 70' lang='lat' dir='ltr'>Possm</span> 
     </span>
    </p>

    <p class='ocr_par' dir='ltr' id='par_1_9' title="bbox 295 2916 1041 3001">
     <span class='ocr_line' id='line_1_34' title="bbox 295 2916 1041 3001; baseline 0.005 -25"><span class='ocrx_word' id='word_1_267' title='bbox 295 2917 537 2977; x_wconf 83' lang='lat' dir='ltr'>DEDUCERE</span> <span class='ocrx_word' id='word_1_268' title='bbox 557 2916 812 2980; x_wconf 77' lang='lat' dir='ltr'>EXPENSAS?</span> <span class='ocrx_word' id='word_1_269' title='bbox 1027 2924 1041 3001; x_wconf 75' lang='lat' dir='ltr'>’i</span> 
     </span>
    </p>
   </div>
   <div class='ocr_carea' id='block_1_3' title="bbox 76 3024 1041 3119">
    <p class='ocr_par' dir='ltr' id='par_1_10' title="bbox 76 3024 1041 3119">
     <span class='ocr_line' id='line_1_35' title="bbox 76 3024 1041 3119; baseline -0.006 -20"><span class='ocrx_word' id='word_1_270' title='bbox 76 3039 102 3098; x_wconf 93' lang='grc' dir='ltr'>Ι.</span> <span class='ocrx_word' id='word_1_271' title='bbox 121 3032 268 3099; x_wconf 69' lang='lat' dir='ltr'>Dcduccsc</span> <span class='ocrx_word' id='word_1_272' title='bbox 289 3059 346 3099; x_wconf 82' lang='lat' dir='ltr'>non</span> <span class='ocrx_word' id='word_1_273' title='bbox 367 3049 460 3119; x_wconf 81' lang='lat' dir='ltr'>potest</span> <span class='ocrx_word' id='word_1_274' title='bbox 481 3059 618 3118; x_wconf 73' lang='lat' dir='ltr'>expensos</span> <span class='ocrx_word' id='word_1_275' title='bbox 643 3030 849 3116; x_wconf 72' lang='lat' dir='ltr'>voluptuarios.</span> <span class='ocrx_word' id='word_1_276' title='bbox 904 3038 947 3097; x_wconf 96' lang='lat' dir='ltr'>II.</span> <span class='ocrx_word' id='word_1_277' title='bbox 967 3024 1041 3101; x_wconf 58' lang='lat' dir='ltr'>Neci</span> 
     </span>
    </p>
   </div>
   <div class='ocr_carea' id='block_1_4' title="bbox 116 3098 1041 3318">
    <p class='ocr_par' dir='ltr' id='par_1_11' title="bbox 116 3098 1041 3318">
     <span class='ocr_line' id='line_1_36' title="bbox 149 3098 1037 3232; baseline -0.008 -51"><span class='ocrx_word' id='word_1_278' title='bbox 149 3119 327 3197; x_wconf 66' lang='lat' dir='ltr'>praecisus</span> <span class='ocrx_word' id='word_1_279' title='bbox 339 3119 420 3178; x_wconf 63' lang='lat' dir='ltr'>usses</span> <span class='ocrx_word' id='word_1_280' title='bbox 434 3119 461 3194; x_wconf 77' lang='lat' dir='ltr'>s</span> <span class='ocrx_word' id='word_1_281' title='bbox 475 3120 655 3179; x_wconf 50' lang='lat' dir='ltr'>mosanas.</span> <span class='ocrx_word' id='word_1_282' title='bbox 697 3118 757 3178; x_wconf 92' lang='lat'>111.</span> <span class='ocrx_word' id='word_1_283' title='bbox 781 3119 948 3197; x_wconf 65' lang='lat' dir='ltr'>promes.</span> <span class='ocrx_word' id='word_1_284' title='bbox 1027 3098 1037 3232; x_wconf 53' lang='grc' dir='ltr'>ζ</span> 
     </span>
     <span class='ocr_line' id='line_1_37' title="bbox 116 3236 1041 3318; baseline -0.011 -18"><span class='ocrx_word' id='word_1_285' title='bbox 116 3238 237 3300; x_wconf 77' lang='lat' dir='ltr'>RESP.</span> <span class='ocrx_word' id='word_1_286' title='bbox 260 3241 306 3296; x_wconf 92' lang='grc'>10.</span> <span class='ocrx_word' id='word_1_287' title='bbox 327 3238 363 3298; x_wconf 92' lang='lat' dir='ltr'>In</span> <span class='ocrx_word' id='word_1_288' title='bbox 377 3238 444 3296; x_wconf 87' lang='lat' dir='ltr'>foro</span> <span class='ocrx_word' id='word_1_289' title='bbox 459 3247 585 3297; x_wconf 88' lang='lat' dir='ltr'>externo</span> <span class='ocrx_word' id='word_1_290' title='bbox 599 3257 753 3316; x_wconf 87' lang='lat' dir='ltr'>possessor</span> <span class='ocrx_word' id='word_1_291' title='bbox 776 3236 859 3296; x_wconf 74' lang='lat' dir='ltr'>malm</span> <span class='ocrx_word' id='word_1_292' title='bbox 875 3236 946 3296; x_wconf 88' lang='lat' dir='ltr'>fidei</span> <span class='ocrx_word' id='word_1_293' title='bbox 967 3243 1041 3318; x_wconf 57' lang='lat' dir='ltr'>prin,</span> 
     </span>
    </p>
   </div>
   <div class='ocr_carea' id='block_1_5' title="bbox 68 3316 1041 3796">
    <p class='ocr_par' dir='ltr' id='par_1_12' title="bbox 68 3316 1041 3796">
     <span class='ocr_line' id='line_1_38' title="bbox 75 3316 1041 3396; baseline -0.006 -18"><span class='ocrx_word' id='word_1_294' title='bbox 75 3328 163 3379; x_wconf 83' lang='lat' dir='ltr'>vetur</span> <span class='ocrx_word' id='word_1_295' title='bbox 178 3318 312 3377; x_wconf 89' lang='lat' dir='ltr'>omnibus</span> <span class='ocrx_word' id='word_1_296' title='bbox 323 3319 462 3396; x_wconf 85' lang='lat' dir='ltr'>expensis</span> <span class='ocrx_word' id='word_1_297' title='bbox 475 3318 572 3387; x_wconf 84' lang='lat' dir='ltr'>fectis,</span> <span class='ocrx_word' id='word_1_298' title='bbox 593 3317 622 3374; x_wconf 93' lang='lat' dir='ltr'>in</span> <span class='ocrx_word' id='word_1_299' title='bbox 634 3336 751 3395; x_wconf 85' lang='lat' dir='ltr'>poenem</span> <span class='ocrx_word' id='word_1_300' title='bbox 765 3316 877 3375; x_wconf 88' lang='lat' dir='ltr'>delicti.</span> <span class='ocrx_word' id='word_1_301' title='bbox 1027 3323 1041 3382; x_wconf 70' lang='lat' dir='ltr'>lt</span> 
     </span>
     <span class='ocr_line' id='line_1_39' title="bbox 114 3395 1041 3482; baseline 0.002 -25"><span class='ocrx_word' id='word_1_302' title='bbox 114 3397 140 3457; x_wconf 87' lang='lat'>1.</span> <span class='ocrx_word' id='word_1_303' title='bbox 161 3399 209 3456; x_wconf 88' lang='grc'>20.</span> <span class='ocrx_word' id='word_1_304' title='bbox 230 3397 387 3456; x_wconf 88' lang='lat' dir='ltr'>Deducere</span> <span class='ocrx_word' id='word_1_305' title='bbox 396 3416 455 3456; x_wconf 90' lang='lat' dir='ltr'>non</span> <span class='ocrx_word' id='word_1_306' title='bbox 466 3407 565 3475; x_wconf 87' lang='lat' dir='ltr'>potest</span> <span class='ocrx_word' id='word_1_307' title='bbox 575 3414 721 3475; x_wconf 85' lang='lat' dir='ltr'>expensus</span> <span class='ocrx_word' id='word_1_308' title='bbox 731 3395 953 3474; x_wconf 80' lang='lat' dir='ltr'>voluptuarius:</span> <span class='ocrx_word' id='word_1_309' title='bbox 974 3397 1041 3482; x_wconf 61' lang='lat' dir='ltr'>hu-sj</span> 
     </span>
     <span class='ocr_line' id='line_1_40' title="bbox 72 3475 1041 3558; baseline 0.004 -21"><span class='ocrx_word' id='word_1_310' title='bbox 72 3496 193 3537; x_wconf 85' lang='lat' dir='ltr'>menum</span> <span class='ocrx_word' id='word_1_311' title='bbox 207 3487 305 3536; x_wconf 84' lang='lat' dir='ltr'>tumen</span> <span class='ocrx_word' id='word_1_312' title='bbox 317 3487 347 3535; x_wconf 89' lang='lat' dir='ltr'>et</span> <span class='ocrx_word' id='word_1_313' title='bbox 362 3497 479 3558; x_wconf 87' lang='lat' dir='ltr'>aequum</span> <span class='ocrx_word' id='word_1_314' title='bbox 488 3488 545 3548; x_wconf 89' lang='lat' dir='ltr'>est,</span> <span class='ocrx_word' id='word_1_315' title='bbox 565 3487 604 3534; x_wconf 91' lang='lat' dir='ltr'>ut-</span> <span class='ocrx_word' id='word_1_316' title='bbox 613 3475 749 3535; x_wconf 89' lang='lat' dir='ltr'>dominus</span> <span class='ocrx_word' id='word_1_317' title='bbox 758 3495 807 3534; x_wconf 83' lang='lat' dir='ltr'>eus</span> <span class='ocrx_word' id='word_1_318' title='bbox 817 3475 928 3534; x_wconf 82' lang='lat' dir='ltr'>auferri</span> <span class='ocrx_word' id='word_1_319' title='bbox 939 3476 1041 3552; x_wconf 69' lang='lat' dir='ltr'>sinete</span> 
     </span>
     <span class='ocr_line' id='line_1_41' title="bbox 75 3552 1041 3635; baseline -0.002 -20"><span class='ocrx_word' id='word_1_320' title='bbox 75 3557 101 3615; x_wconf 90' lang='lat' dir='ltr'>si</span> <span class='ocrx_word' id='word_1_321' title='bbox 114 3557 230 3634; x_wconf 91' lang='lat' dir='ltr'>possint</span> <span class='ocrx_word' id='word_1_322' title='bbox 243 3552 374 3635; x_wconf 69' lang='lat' dir='ltr'>seperari</span> <span class='ocrx_word' id='word_1_323' title='bbox 388 3558 407 3616; x_wconf 72' lang='lat' dir='ltr'>e</span> <span class='ocrx_word' id='word_1_324' title='bbox 420 3577 453 3616; x_wconf 92' lang='lat' dir='ltr'>re</span> <span class='ocrx_word' id='word_1_325' title='bbox 467 3556 531 3615; x_wconf 89' lang='lat' dir='ltr'>sine</span> <span class='ocrx_word' id='word_1_326' title='bbox 545 3555 610 3634; x_wconf 87' lang='lat' dir='ltr'>ejus</span> <span class='ocrx_word' id='word_1_327' title='bbox 625 3555 867 3614; x_wconf 83' lang='lat' dir='ltr'>deterioratione.</span> <span class='ocrx_word' id='word_1_328' title='bbox 1028 3566 1041 3620; x_wconf 70' lang='grc' dir='ltr'>ἰ</span> 
     </span>
     <span class='ocr_line' id='line_1_42' title="bbox 113 3633 1041 3717; baseline 0.004 -25"><span class='ocrx_word' id='word_1_329' title='bbox 113 3636 163 3694; x_wconf 81' lang='grc'>30.</span> <span class='ocrx_word' id='word_1_330' title='bbox 185 3635 298 3695; x_wconf 88' lang='lat' dir='ltr'>Omnes</span> <span class='ocrx_word' id='word_1_331' title='bbox 308 3635 374 3699; x_wconf 84' lang='lat' dir='ltr'>illes</span> <span class='ocrx_word' id='word_1_332' title='bbox 388 3655 543 3714; x_wconf 86' lang='lat' dir='ltr'>expensus,</span> <span class='ocrx_word' id='word_1_333' title='bbox 557 3655 630 3717; x_wconf 86' lang='lat' dir='ltr'>quas</span> <span class='ocrx_word' id='word_1_334' title='bbox 650 3633 692 3695; x_wconf 92' lang='lat' dir='ltr'>N.</span> <span class='ocrx_word' id='word_1_335' title='bbox 705 3637 753 3695; x_wconf 76' lang='lat'>48.</span> <span class='ocrx_word' id='word_1_336' title='bbox 771 3633 912 3703; x_wconf 86' lang='lat' dir='ltr'>diximus,</span> <span class='ocrx_word' id='word_1_337' title='bbox 932 3634 1041 3702; x_wconf 80' lang='lat' dir='ltr'>dedu-l</span> 
     </span>
     <span class='ocr_line' id='line_1_43' title="bbox 68 3711 1041 3796; baseline 0.007 -23"><span class='ocrx_word' id='word_1_338' title='bbox 68 3733 210 3774; x_wconf 85' lang='lat' dir='ltr'>cerenon</span> <span class='ocrx_word' id='word_1_339' title='bbox 222 3734 313 3794; x_wconf 90' lang='lat' dir='ltr'>posse</span> <span class='ocrx_word' id='word_1_340' title='bbox 334 3734 535 3796; x_wconf 85' lang='lat' dir='ltr'>possessorem</span> <span class='ocrx_word' id='word_1_341' title='bbox 549 3715 634 3775; x_wconf 75' lang='lat' dir='ltr'>bone</span> <span class='ocrx_word' id='word_1_342' title='bbox 649 3714 729 3790; x_wconf 85' lang='lat' dir='ltr'>fidei,</span> <span class='ocrx_word' id='word_1_343' title='bbox 750 3712 845 3776; x_wconf 83' lang='lat' dir='ltr'>multd</span> <span class='ocrx_word' id='word_1_344' title='bbox 861 3711 960 3774; x_wconf 73' lang='lat' dir='ltr'>minius</span> <span class='ocrx_word' id='word_1_345' title='bbox 974 3715 1041 3780; x_wconf 76' lang='lat' dir='ltr'>der</span> 
     </span>
    </p>
   </div>
   <div class='ocr_carea' id='block_1_6' title="bbox 60 3791 677 3883">
    <p class='ocr_par' dir='ltr' id='par_1_13' title="bbox 60 3791 677 3883">
     <span class='ocr_line' id='line_1_44' title="bbox 60 3791 677 3883; baseline 0.01 -34"><span class='ocrx_word' id='word_1_346' title='bbox 60 3791 178 3856; x_wconf 83' lang='lat' dir='ltr'>ducere</span> <span class='ocrx_word' id='word_1_347' title='bbox 188 3805 297 3874; x_wconf 88' lang='lat' dir='ltr'>potest</span> <span class='ocrx_word' id='word_1_348' title='bbox 309 3816 471 3883; x_wconf 84' lang='lat' dir='ltr'>possessor</span> <span class='ocrx_word' id='word_1_349' title='bbox 486 3795 577 3863; x_wconf 73' lang='lat' dir='ltr'>uiuis</span> <span class='ocrx_word' id='word_1_350' title='bbox 590 3793 677 3860; x_wconf 76' lang='lat' dir='ltr'>iudei.</span> 
     </span>
    </p>
   </div>
   <div class='ocr_carea' id='block_1_7' title="bbox 0 0 1085 4034">
    <p class='ocr_par' dir='ltr' id='par_1_14' title="bbox 0 0 1085 4034">
     <span class='ocr_line' id='line_1_45' title="bbox 0 0 1085 4034; baseline 0 0"><span class='ocrx_word' id='word_1_351' title='bbox 0 0 1085 4034; x_wconf 95' lang='lat' dir='ltr'> </span> 
     </span>
    </p>
   </div>
  </div>
 </body>
</html>
