2160 4034
362 114 407 157 DE
425 110 509 157 ΠΜ
527 110 571 156 1⁶1¹
589 112 744 158 tuerint·
996 106 1035 165 69

80 220 392 300 processiaaepntent3
411 223 437 283 si
445 242 551 301 nempe
559 232 629 283 tnta
636 221 939 301 neglexeriutqnoevi
948 224 1036 286 officii

10 302 24 329 ⁸
81 298 148 358 cire
158 300 364 361 tenebantur:
383 302 465 362 undo
472 302 663 362 vehementer
671 303 844 371 timendum,
859 322 897 362 ne
908 322 1035 378 errores,

36 375 44 385 '
79 396 145 456 φοῦ
160 390 277 457 postea
286 383 485 453 committunt,
499 400 529 440 v.
538 401 568 460 g.
590 382 730 441 Pastores
743 383 772 440 in
783 402 853 439 cura
863 382 1036 454 animarum,

70 460 261 595 proveniant
281 480 322 520 ex
344 460 484 539 culpabili
507 459 690 539 negligentia
713 462 775 519 aive
791 460 967 537 ignorantia,
987 466 1037 523 vel

85 536 195 597 electu
221 540 397 600 sufficientis
421 541 512 599 studii
535 550 670 617 ternpore
684 542 787 599 cursile
803 540 987 619 Theologioi,
1002 553 1037 602 nt

70 612 212 677 diximus
227 619 271 678 N.
286 622 333 678 28.
354 627 373 658 “
383 619 421 680 de
436 618 564 678 Actibus
578 618 752 677 Humanis.”

106 696 254 769 Quinam
266 706 408 759 tenentur
421 699 537 757 ratione
556 698 632 775 legis
645 698 806 775 positivae?

28 824 31 829 .
104 773 172 836 IV.
194 778 238 837 R.
259 778 353 837 Casus
376 777 521 836 habentur
548 776 599 835 lib.
627 780 655 834 9.
677 777 783 853 digest.
803 778 851 836 tit.
874 781 899 836 l.
919 779 986 857 lege
1010 783 1035 839 l.

66 850 99 913 Si
113 855 299 934 quadrupes
310 858 481 935 pauperiem
495 857 602 915 fecisse
611 856 727 916 dicatur
738 868 801 914 sata
814 859 971 935 pascendo,
983 861 1034 918 &a

63 934 186 994 teneris
197 936 310 995 animal
324 936 442 995 tradere
456 935 654 1005 damnificare,
668 936 737 994 licet
752 937 890 994 damnum
905 938 968 997 sine
983 949 1035 997 tna

68 1013 264 1151 nepligentiu
277 1016 379 1075 datum
393 1016 441 1086 sit,
463 1014 509 1074 vel
522 1015 693 1074 satisfacere
706 1016 902 1074 damnificato.

127 1102 195 1152 tem
222 1093 261 1153 de
286 1094 441 1153 coxalibus
465 1093 630 1153 actionibus
654 1095 795 1152 statuitur
814 1095 924 1154 ibidem
938 1097 985 1154 tit.
1006 1100 1034 1155 3.

10 1177 23 1235 i
70 1170 141 1250 legs
157 1172 186 1243 l,
215 1182 252 1233 nt
272 1173 420 1233 Dominus
437 1183 576 1232 teneatur
589 1173 745 1232 dedumno
756 1193 809 1251 per
821 1192 1033 1234 serrumsuurn

13 1258 17 1267 '
70 1249 228 1312 illator&
259 1252 329 1330 lego
354 1256 383 1314 6.
404 1250 553 1312 habitator
590 1272 674 1313 suam
709 1272 889 1332 suorumque
916 1254 1032 1333 culpam

72 1332 331 1409 presuradebst.

10 1430 25 1472 a
108 1410 148 1469 ln
158 1430 225 1490 quo
234 1411 377 1471 fundatur
389 1411 494 1470 harum
508 1411 609 1490 legum
619 1411 761 1490 justitia?

108 1490 150 1550 R.
171 1491 214 1549 Iu
226 1510 301 1569 pace
314 1491 440 1569 publica,
461 1511 527 1573 quea
547 1492 676 1562 foretur,
698 1492 768 1551 dum
783 1493 921 1550 damnum
936 1510 1031 1551 rescr-

10 1590 29 1631 u
75 1569 157 1639 citur,
166 1570 230 1630 etsi
241 1570 307 1629 siue
316 1571 402 1648 culpa
412 1570 596 1648 Theologica
604 1570 706 1629 datum
715 1572 767 1630 sit:
788 1572 859 1628 item
871 1572 1033 1631 sicexcita·

10 1670 30 1711 n
73 1648 183 1709 turdili
209 1651 292 1709 cutia
300 1650 461 1720 bominum,
470 1669 509 1709 ue
519 1651 734 1710 damnumdso
743 1660 796 1709 aut
806 1651 868 1707 suis
877 1650 1032 1709 inseratur.

23 1734 30 1744 “
108 1728 162 1787 An
213 1729 332 1789 ominus
356 1729 494 1787 damnum
509 1730 551 1788 sic
572 1728 688 1788 illatum
709 1729 869 1789 restituere
893 1729 983 1789 debet
1001 1730 1030 1788 in

10 1831 35 1868 u·
77 1807 282 1868 nescientia?
396 1856 402 1867 .

10 1892 40 1949 ia
107 1886 146 1948 R.
170 1887 207 1949 si
229 1887 354 1967 aliquod
374 1887 561 1947 commodum
588 1887 657 1947 inde
674 1889 851 1967 perceperit,
872 1897 906 1945 ut
921 1888 946 1945 si
959 1886 1029 1945 iude

76 1966 162 2025 factm
174 1967 218 2025 sit
227 1966 322 2026 ditior
332 1966 379 2025 rel
393 1967 561 2046 pepercerit
570 1967 661 2026 rebus
675 1968 745 2038 suis,
754 1967 900 2025 intantdm
911 1975 1030 2026 tenetur

76 2048 234 2105 nttituere
256 2046 346 2105 titulo
369 2049 414 2105 rei
438 2056 574 2126 accepta,
599 2047 629 2104 in
644 2047 798 2125 supposito
812 2046 891 2125 quod
906 2064 964 2105 non
979 2045 1030 2104 ad-

10 2130 46 2206 gt
78 2124 161 2185 taric
176 2125 271 2204 culpa
285 2125 477 2204 Theologica.

102 2204 182 2263 Alia
194 2205 309 2264 damna
321 2206 363 2263 sic
370 2206 449 2264 facta
459 2224 517 2263 non
528 2205 619 2265 debet
626 2224 764 2283 reparare
775 2215 844 2264 ante
853 2202 1030 2264 sententiam

10 2286 47 2343 ili
74 2280 266 2359 judicis,cuim
276 2296 461 2362 supponatur
469 2283 599 2343 defuisse
612 2286 699 2361 culpa
710 2285 901 2362 Theologica‚
913 2290 938 2343 dr
948 2285 1030 2362 leges

74 2363 129 2422 istro
143 2364 314 2423 videantur
328 2383 393 2424 esse
406 2364 553 2441 poenales:
574 2364 683 2423 dicitur
697 2365 786 2422 etiam
800 2365 851 2422 lib.
875 2367 902 2420 2.
924 2365 1031 2441 digest.

10 2463 45 2500 un
70 2443 107 2501 lit.
119 2444 152 2501 8.
166 2443 244 2521 lege
257 2444 287 2503 5.
307 2444 338 2501 in
352 2443 426 2502 fine:
447 2452 466 2481 ‘⁶
477 2443 551 2502 Haec
574 2444 652 2503 cotio
674 2445 704 2501 in
728 2444 859 2502 haeredes
873 2462 933 2500 non
947 2462 1026 2501 com-

68 2522 160 2599 petit3
181 2525 259 2604 qnia
272 2522 396 2601 poenalis
410 2522 481 2581 est.”

10 2601 39 2664 iit
99 2600 202 2672 Nota,
228 2604 254 2660 si
279 2602 416 2660 damnum
444 2601 546 2660 datum
570 2611 649 2661 esset
675 2602 859 2679 negligentiis
881 2599 1029 2678 culpabili,

10 2678 36 2731 πί
62 2690 133 2739 tuuc
147 2701 216 2740 non
232 2699 351 2758 semper
364 2683 435 2739 satis
449 2699 515 2740 ease
529 2681 647 2740 tradere
662 2682 779 2749 animal,
807 2681 876 2739 darn
889 2680 1028 2738 damnum

61 2770 226 2821 muratum
250 2759 370 2818 excedit
393 2758 457 2838 ejus
473 2760 613 2830 valorem,
634 2760 686 2819 sed
701 2770 798 2818 totum
811 2758 1030 2818 restituendum

10 2848 23 2888 l
62 2858 126 2899 erse
136 2839 237 2898 titulo
246 2837 365 2917 injuste
375 2840 563 2917 acceptionis,
574 2838 679 2897 saltem
690 2840 760 2897 durn
772 2839 858 2916 culpa
866 2850 911 2897 est
920 2841 1030 2916 gravis.

10 2930 16 2965 l
104 2919 249 2993 Quinam
264 2929 404 2978 tenentur
415 2938 454 2976 ex
464 2920 612 2977 sententia
619 2917 754 2996 judicis?

102 2998 145 3059 V.
168 2998 215 3057 R.
237 2996 296 3067 Illi,
317 2997 474 3076 dequibus
499 3016 588 3075 supra
611 2997 791 3065 dictumest,
820 2996 898 3074 quod
913 3015 972 3053 non
986 3006 1031 3055 te-

67 3088 206 3136 ncantur
229 3086 299 3135 aute
313 3078 490 3136 sententiam
499 3076 620 3155 judicie,
640 3086 710 3154 post
728 3077 903 3135 sententiam
928 3084 1031 3135 tenen-

66 3157 161 3215 turin
179 3158 384 3226 conscientia;
405 3157 475 3234 quia
485 3157 709 3215 tulissententia
718 3155 801 3233 justa
815 3165 877 3214 est:
898 3155 975 3213 ratio
985 3164 1031 3213 est

85 3236 147 3296 ddd
161 3235 472 3313 conducatadpacem
483 3235 630 3314 publicam
645 3236 828 3305 servandam,
843 3235 1028 3293 &hominurn

66 3256 263 3395 diligentiam
271 3315 443 3386 acuendam,
452 3326 485 3374 ut
494 3316 584 3375 etiam
594 3334 684 3391 supra
692 3315 802 3372 dictum
812 3326 858 3372 est
868 3315 937 3372 dum
950 3312 1031 3369 dam·

68 3414 138 3454 uum
152 3405 327 3474 reparatur,
349 3395 405 3453 etsi
418 3395 499 3454 nulla
512 3395 598 3472 culpa
612 3394 795 3470 Theologioa
808 3390 1012 3451 intervenerit.

110 3475 164 3535 Ad
189 3476 265 3553 quid
289 3484 418 3544 tenetur,
440 3476 576 3552 quirem
600 3471 784 3543 conductam,
806 3470 1031 3538 commodatam,

75 3554 245 3633 depositam
260 3552 306 3613 vel
322 3554 487 3612 mutuatam
512 3553 639 3612 remittit
658 3573 712 3633 per
725 3553 870 3623 nuntium,
891 3550 942 3630 qui
966 3566 1034 3610 eam

77 3633 204 3695 destruit
217 3633 267 3695 vel
282 3654 350 3694 cum
361 3654 398 3695 ea
407 3633 517 3694 furtive
528 3632 628 3712 fugit?
