2160 4034
59 133 120 193 402
299 174 304 183 .
444 144 631 189 amorerat

66 248 205 310 ultimate
227 247 330 308 linitur
348 248 453 308 tamin
468 248 678 319 forointerao‚
699 247 789 328 quim
811 255 953 319 externo,
971 252 1011 310 atti

64 340 172 410 postea
185 328 382 388 instrumenta
394 328 581 407 probationis
595 327 810 388 invenirentur.
1045 400 1047 407 Ι

106 408 228 469 Dicitur
252 408 401 486 utrimque
421 428 560 479 merom
594 409 620 466 dc
644 408 686 466 ita
707 407 810 467 differt
835 426 856 465 a
879 408 1011 486 componi·

64 486 147 548 tione
171 483 328 567 amicabili,
355 506 519 568 perquam
542 506 613 567 pare
637 485 806 563 debilitat
826 485 910 565 juria
933 488 1013 565 gratia

63 568 238 627 remittitur.
581 576 587 588 “

106 646 188 721 Quid
202 643 459 705 estmandatnm?
810 669 814 676 ·
871 665 901 675 ··
932 662 936 667 ·

104 725 161 786 lv.
182 725 221 785 R.
242 724 302 801 Fac,
312 735 492 794 contractae,
506 745 565 803 quo
575 723 771 785 committitur
781 721 809 783 da
819 722 921 803 gratia
931 723 1012 783 eaeci-

62 803 147 884 pitar
161 800 304 881 obligatio
318 803 432 883 aliquid
446 802 554 882 agendi
569 805 598 861 in
614 804 802 862 commodam
818 802 979 885 alterium·
1044 782 1047 839 ¹

105 883 225 943 Dicitur
245 885 339 959 pratia
348 909 361 953 ‚·
392 884 463 963 qnia
485 882 510 942 ei
528 884 728 961 susciperetur
745 903 803 962 pro
818 882 968 953 mercede,
986 894 1014 942 ut
1040 861 1047 917 l

63 981 83 1023 a
106 960 306 1022 Procuratore
330 963 357 1021 dr
376 961 533 1021 Advocato
548 963 689 1022 transiret
705 962 736 1020 in
750 962 935 1022 locationem
950 981 1010 1041 ope
1033 1015 1047 1073 ι

62 1061 173 1101 raram.

102 1119 249 1181 Mandato
262 1119 357 1179 affinis
371 1130 418 1179 eat
430 1122 618 1199 negotiorum
632 1120 741 1198 gentio,
754 1120 816 1200 qut
829 1138 940 1198 nempe
953 1120 1006 1198 quir
1040 1112 1047 1134 ⁴

61 1197 193 1259 abeentie
214 1199 429 1278 &ignorantia
450 1200 573 1278 negotia
594 1199 868 1278 utiliter'gerenda
892 1200 1004 1278 suscipit

61 1277 147 1337 velat
178 1298 217 1338 ex
249 1279 456 1338 commissione
489 1278 553 1359 ejua
580 1277 800 1339 rationabiliter
827 1290 1004 1358 praesumpta
1030 1268 1047 1328 l*

61 1356 143 1419 Vide
158 1358 301 1417 Antoine.
866 1389 869 1393 <
1030 1331 1047 1387 l

103 1436 185 1510 Quid
199 1446 245 1496 eat
258 1436 391 1516 pignus?

102 1516 159 1577 VI.
180 1517 219 1576 R.
240 1516 297 1577 Eat
319 1526 496 1585 contractus,
516 1536 575 1610 quo
589 1536 638 1577 res
651 1514 769 1577 mobilia
782 1514 999 1593 obligatarum·

60 1593 153 1655 ditoni
176 1595 207 1654 io
232 1596 422 1655 securitatem
446 1593 549 1669 detio,
569 1596 612 1656 ita
635 1605 669 1655 nt
687 1596 782 1675 possit
795 1615 837 1656 ex
851 1615 889 1656 eo
903 1593 999 1655 solutio

60 1674 133 1754 peti,
154 1675 179 1733 ai
194 1673 312 1734 debitor
324 1695 383 1733 non
397 1674 503 1735 solvat.
534 1732 537 1737 .

103 1753 186 1829 Quid
199 1764 245 1813 est
259 1752 448 1832 hypotheca?

101 1831 176 1895 Vll.
196 1833 235 1893 R.
257 1833 443 1918 Contractus,
464 1853 524 1926 quo
541 1853 590 1895 res
607 1830 767 1895 immobilia
781 1831 936 1912 obligatur
948 1852 999 1893 ara·

62 1909 152 1973 ditari
167 1913 197 1971 in
211 1915 399 1972 securitatem
414 1910 517 1973 debat.
688 1924 692 1931 ’
1035 1930 1040 2025 p

1038 2034 1047 2145 l

1033 1488 1047 1545 t

1036 1658 1047 1703 Σ

1037 1744 1047 1781 l

174 2151 234 2230 No,
252 2152 300 2210 ce.
331 2152 392 2212 on
412 2150 535 2212 nono
556 2151 615 2213 nr
636 2150 899 2213 sronsronn
974 2206 977 2230 ,

62 2308 211 2371 LLadae
261 2307 620 2390 ILEstpcraelicitaa.
672 2298 1004 2384 {ILQuonadcmo

95 2401 225 2468 peccatur
247 2391 409 2462 mortaliter,
461 2390 517 2452 IV.
537 2391 563 2466 ὃς
585 2392 767 2469 quandonam
783 2390 919 2466 obliyutio
930 2391 1004 2449 reati·

101 2472 227 2549 tntioaia
269 2470 307 2532 V.
329 2468 461 2549 Sponsio.

105 2627 215 2703 QUID
232 2639 278 2688 eat
291 2627 378 2687 ludus
391 2639 426 2687 ut
439 2638 485 2688 est
498 2629 690 2688 contractus?

104 2705 129 2764 l.
151 2706 190 2766 R.
211 2704 268 2765 Eat
288 2709 453 2778 conventio,
475 2708 534 2788 quai
554 2707 690 2767 ludentes
712 2705 876 2765 decernunt
897 2717 1007 2766 certam

63 2785 217 2863 preamium
233 2786 339 2845 victori
356 2786 538 2846 solvendum.
613 2798 615 2802 ’
987 2792 993 2799 ’

37 2921 42 2925 .
104 2862 146 2923 ΙΙ.
167 2863 286 2924 Iamlam
305 2867 471 2944 generatim
490 2876 651 2944 sumptam,
671 2874 760 2943 prout
780 2874 826 2924 cet
844 2865 1007 2944 jucundam
1045 2892 1047 2919 ;

61 2940 183 3020 aliquod
210 2941 323 3004 dietum
347 2946 394 3005 vel
417 2946 525 3005 factum
551 2945 588 3019 ad
609 2945 698 3004 animi
722 2943 950 3016 relaxationem,
977 2945 1008 3003 li·

62 3019 153 3097 eitum
176 3041 241 3081 eme
264 3044 361 3102 posse,
382 3035 469 3084 extra
492 3025 724 3084 controversiam
747 3034 811 3083 eat:
840 3024 903 3084 irnd
917 3024 947 3083 in
962 3024 1008 3085 de·
1044 3030 1047 3113 l

61 3098 144 3239 {encta
166 3100 230 3240 lpdi
253 3122 341 3180 posse
362 3104 488 3183 peccari,
513 3103 599 3163 docet
624 3104 655 3163 S.
678 3104 785 3164 Thom.
806 3106 835 3162 2.
858 3106 887 3162 2.
909 3113 1007 3185 queat.
1045 3118 1047 3181 j

104 3201 159 3240 .a.
201 3222 209 3239 .

102 3259 206 3319 Posito
231 3260 302 3318 rard
317 3261 427 3337 ludam
450 3262 612 3337 secundum
638 3281 670 3322 se
693 3261 807 3321 licitum
827 3280 903 3332 ease,
924 3262 1008 3322 etiam

61 3337 161 3398 licitae
183 3359 247 3399 eene
269 3350 369 3418 potest
387 3341 449 3401 ludi
465 3353 644 3411 contractus,
666 3361 725 3420 quo
739 3340 845 3401 victori
859 3343 1011 3420 prmminm

61 3416 181 3499 aliquod
206 3419 384 3501 decernitur,
406 3421 494 3480 modd
519 3422 559 3480 eit
580 3421 785 3490 moderatum
816 3425 886 3501 qnia
900 3421 925 3480 ei
939 3440 1010 3500 pra·

60 3496 153 3556 mium
167 3498 207 3557 eit
220 3497 294 3557 adeo
308 3519 457 3575 magnum,
479 3510 513 3560 at
527 3499 592 3579 ejue
606 3501 727 3559 amissio
741 3511 947 3578 paupertatem
962 3511 1010 3560 ant

59 3575 213 3637 tristitiam
237 3598 358 3639 causare
375 3584 449 3638 nata'
465 3581 513 3654 sit,
535 3581 741 3642 destrueretur
755 3579 822 3639 finis
835 3579 1009 3641 intrinseca

60 3653 132 3727 ludi,
153 3656 203 3739 qui
217 3666 264 3718 eat
277 3654 443 3719 delectatio.
899 3666 906 3673 “
