2160 4034
350 161 394 203 na
414 159 663 207 conrascmaus.
940 142 1004 207 an,

49 280 109 321 um
120 263 281 344 posterius
295 264 334 323 sit
347 264 413 342 ipsis
422 261 558 341 epistolis,
569 282 607 321 ax
618 262 684 339 ipso
693 260 817 321 solemni
826 269 1006 323 testamento

49 355 167 405 nnstut
182 344 220 405 de
230 343 382 403 voluntate
390 341 526 420 legantis,
540 343 612 400 item
624 343 662 400 de
670 341 836 420 quantitate
846 347 872 401 tr
881 343 1002 403 nomine

49 424 211 501 nunriis
229 443 288 505 quc
302 441 372 481 cusu
384 421 436 481 illa
448 420 576 500 epistula
588 420 623 480 fit
632 440 710 498 pars,
724 422 823 499 portio
834 423 861 480 iia
873 422 1002 482 accessio

49 500 375 582 ettamentipericcti.
732 516 735 521 ·

49 696 82 757 1.
98 700 155 760 21.
205 700 265 761 Du
285 695 884 838 TESTAgifflfflngUIBUSDAM
905 674 997 760 sm

49 936 72 997 1.
100 937 309 999 stannatum
330 947 408 1017 pede
433 934 536 1015 infecti,
592 934 633 993 11.
659 934 767 995 Milite
826 934 886 996 111.
911 937 1000 999 Clan-

84 1036 164 1155 srhaerr.
204 1017 261 1079 IV.
279 1016 371 1097 Apud
378 1026 451 1087 actu,
492 1014 531 1076 V.
549 1014 802 1094 Uorumprinn'pe,
843 1016 900 1077 VI.
919 1016 1000 1080 Inter

161 1117 202 1155 ω.
307 1114 312 1121 .

92 1214 1002 1297 INQUIRENDAqnoednmrestantdetestamentisexcap·

53 1294 103 1365 tis,
114 1297 163 1354 uti
173 1307 241 1354 suut
250 1305 459 1355 testamentum
474 1306 610 1374 tempore
622 1296 724 1374 pestis,
733 1295 847 1366 militis,
861 1296 1003 1368 clausum,

53 1373 131 1451 npud
146 1384 221 1445 acta,
235 1394 334 1434 coram
348 1375 492 1454 principe,
506 1376 585 1435 iuter
597 1374 717 1449 liberes,
731 1374 770 1435 sd
783 1375 847 1455 pies
861 1395 962 1437 cauam
973 1377 1002 1437 a

56 1452 154 1513 miuus
173 1454 314 1514 solemne.
952 1512 955 1517 .

94 1532 120 1593 1.
141 1532 193 1591 An
206 1532 408 1593 solemnitates
418 1533 575 1594 antedictae
594 1534 786 1615 requiruntur
799 1533 829 1593 in
844 1544 1003 1596 testamen·

59 1610 192 1689 tispsste
206 1612 407 1673 infectorum?
638 1670 642 1675 .
1001 1628 1006 1635 ’

92 1691 133 1751 lt.
154 1691 314 1769 Negatirb,
334 1691 388 1751 sed
403 1693 493 1752 etiam
507 1693 614 1753 mulier
626 1702 729 1771 potest
749 1692 798 1752 bie
819 1712 885 1753 asse
898 1693 1004 1753 testis:

62 1769 127 1829 item
142 1772 215 1829 satis
229 1781 284 1842 cst,
311 1778 524 1831 testamentum
546 1771 691 1831 conscribi
715 1771 752 1831 ab
767 1772 818 1830 illo
833 1771 1004 1843 Sacerdote,

61 1848 104 1927 qui
117 1850 260 1928 expresse
274 1851 451 1910 constitutus
459 1862 506 1911 est
516 1872 570 1930 pro
579 1862 664 1931 peste
672 1851 808 1911 infectis:
822 1851 902 1911 valet
912 1852 1002 1910 etism

62 1938 269 1994 tentamentum
288 1930 472 2009 reciprocum
487 1931 648 2010 conjugum
660 1931 703 1990 sic
715 1932 835 2000 facturn,
855 1929 928 1990 licat
939 1939 1005 1989 tsn-

59 2007 118 2067 tum
136 2028 275 2089 unapars
289 2009 328 2068 sit
342 2010 460 2080 infecte,
484 2030 539 2071 nec
552 2009 714 2092 requiritur
723 2011 754 2068 in
768 2009 819 2069 illo
833 2028 903 2069 casu
915 2027 1006 2102 παρη

59 2085 138 2147 dicta
160 2092 318 2166 praesentia
341 2088 468 2148 duorum
489 2089 682 2151 Scabiucrum
703 2088 900 2151 mechlinie..
923 2087 1006 2149 vale

55 2166 203 2226 Ausclmo
218 2167 244 2248 §.
258 2170 306 2239 44,
319 2170 368 2226 45.
382 2180 414 2228 et
427 2167 629 2246 sequentibus.

95 2246 141 2306 11.
163 2246 245 2320 Quid
259 2247 296 2305 de
310 2257 490 2306 testamento
504 2247 631 2309 militis?

94 2325 138 2385 R.
158 2326 272 2402 Agitur
286 2325 323 2384 de
337 2325 398 2396 illc,
445 2324 503 2383 uod
516 2325 588 2384 fecit
601 2323 685 2385 milas
699 2324 831 2385 existens
844 2325 875 2384 in
888 2323 1003 2396 cestris,

51 2422 117 2463 non
131 2404 163 2462 in
176 2404 325 2482 praesidio,
339 2415 390 2464 aut
404 2404 434 2461 bi
456 2404 545 2463 ernis.
572 2403 624 2463 Ad
637 2403 727 2480 hujus
740 2403 1006 2469 validitatemsetis

53 2483 403 2622 isatilcilsqu⁰Viii”m⁰db'
431 2503 513 2576 suec,
528 2482 576 2576 uel
597 2482 707 2621 scriXte
721 2480 903 2576 voluntatem
924 2500 1007 2543 suem

56 2662 91 2703 20
133 2573 209 2701 ei!
222 2573 724 2721 tir?2et⁰nmtt‘1.nnn
735 2572 828 2621 Μ’
840 2574 931 2622 ⁰⁸¹⁸¹¹¹
944 2578 1006 2620 '¹⁰¹¹

91 2662 159 2781 iil.
211 2741 323 2781 uanam
338 2719 522 2781 observanda
535 2732 605 2781 sunt
619 2728 648 2780 in
662 2729 840 2781 testamento
854 2718 982 2780 clauso?
1000 2752 1003 2759 ·

95 2800 137 2860 lt.
162 2802 207 2859 10.
228 2800 369 2860 Testatur
391 2800 455 2878 ipse
468 2818 522 2879 per
545 2820 578 2859 se
591 2811 642 2860 sut
655 2818 710 2881 per
723 2798 813 2858 elium
827 2798 931 2865 scribit
942 2808 1002 2859 tes·

58 2890 232 2939 trementum.

96 2961 146 3017 2⁰.
169 2959 317 3037 Scriptum
332 2960 412 3017 intus
426 2957 506 3017 solus
521 2959 619 3036 signet
633 2968 768 3021 testator.

96 3039 147 3096 3⁰.
169 3038 392 3096 Testamentum
405 3039 446 3096 sic
460 3049 594 3115 paratum
610 3037 956 3098 clauditurisobseretnr
965 3035 1005 3095 si·

59 3115 1005 3258 crininnucinumsinin

61 3220 75 3254 (3
465 3241 473 3254 .

62 3271 241 3345 inscribitur,
262 3295 296 3334 ac
315 3285 378 3334 turn
401 3277 430 3334 in
452 3274 657 3336 ecdemdorsc
677 3219 750 3338 illeild
764 3275 938 3354 subsignant
959 3275 1006 3332 1⁹.

62 3354 212 3424 Testetur,
226 3356 274 3414 20.
295 3355 411 3415 Testes.
432 3358 480 3412 3⁰.
500 3356 653 3414 Notarius.

98 3433 194 3493 Plura
207 3432 245 3492 dc
258 3444 437 3493 testamento
451 3434 550 3493 clauso
564 3435 633 3495 vide
646 3435 724 3514 apud
740 3433 914 3495 Stockmaus
925 3428 1004 3490 deci·

60 3511 143 3573 siene
159 3515 205 3571 13.
218 3512 290 3572 item
304 3533 349 3585 ca,
371 3533 437 3593 qua
450 3512 609 3573 dictasunt
622 3514 652 3573 in
662 3516 778 3575 casibus
791 3512 881 3572 Num.
894 3527 1008 3589 prace-

59 3592 141 3651 denti
209 3592 268 3652 itis.

96 3611 258 3748 lV.93nid
273 3670 310 3733 de
324 3681 503 3733 testamenta
511 3671 591 3755 apud
598 3673 688 3737 acta?
