2160 4034
341 168 385 210 nc
405 166 654 210 eournacrrnus.
911 140 970 210 ’328

45 285 73 327 ra
86 269 211 330 vendita
223 271 304 348 perit
316 271 455 349 emptori,
477 271 567 329 etiam
581 279 651 328 ante
664 267 874 328 traditionem:
895 267 938 328 ita
950 269 976 328 si

45 347 92 408 nit
106 351 215 409 emerit
229 350 306 409 huuc
316 370 435 428 equum,
450 350 501 428 qni
514 350 640 408 fortuito
655 349 790 417 moritur,
803 348 883 426 perit
892 366 974 427 emp·

45 429 95 496 ori,
110 429 248 507 quamvis
261 432 288 488 ei
299 430 429 488 nondum
444 429 571 487 traditus
581 429 629 486 sit.

66 507 100 566 Si
114 507 221 566 alicubi
234 506 469 586 juxtalegesaut
478 506 707 566 consuetudines
716 505 775 564 loci
785 504 866 564 aliud
874 503 974 565 ohser-

45 596 125 656 etur,
139 588 197 646 lroc
210 599 353 646 statutum
362 586 440 665 juris
451 586 726 656 communierunt,
741 586 831 643 etiam
843 584 975 663 profore

45 667 224 725 concientiae.

64 745 268 823 Excipiuntur
281 745 371 804 etiam
392 744 421 802 in
442 743 512 822 jure
527 742 673 802 communi
695 741 814 823 quidam
831 761 923 813 casus,
943 744 973 801 in

45 823 134 882 uibus
144 844 193 883 res
207 825 329 884 vendita
343 835 374 883 et
388 823 594 895 determinata,
609 832 678 881 ante
692 821 883 881 traditionem
896 823 976 900 perit

45 903 187 962 enditori.

63 983 187 1041 Primus
198 982 283 1052 est,si
293 982 380 1041 aliter
391 981 470 1040 inter
477 991 577 1061 parte
586 999 727 1060 expresse
737 990 914 1039 conventum
925 981 975 1040 sit.

66 1060 231 1130 Secundus,
245 1062 270 1120 si
284 1062 423 1121 venditor
434 1063 527 1120 l'uerit
539 1061 571 1119 in
580 1080 664 1120 mora
673 1079 736 1118 rem
750 1060 902 1118 venditam
915 1069 975 1119 tra·

45 1140 126 1199 endi.

63 1219 200 1291 Tertius,
214 1220 239 1279 si
252 1219 338 1298 culpa
351 1219 516 1279 venditoris
529 1237 578 1278 res
590 1217 716 1298 perierit
729 1227 780 1276 ant
793 1217 975 1278 deteriorata

45 1299 126 1357 ierit.
962 1310 965 1317 '

65 1377 212 1450 Quartus,
235 1379 323 1436 sires
343 1389 412 1438 ante
434 1377 627 1437 traditionem
649 1376 742 1436 fuerit
756 1376 914 1436 confiscata
936 1375 975 1437 olr

45 1455 169 1515 elictum
185 1456 357 1516 venditoris.

64 1536 209 1609 Quintus,
219 1538 244 1593 si
253 1536 391 1596 venditor
401 1537 603 1607 affirmaverit,
614 1553 676 1594 rem
691 1534 976 1613 diutiuspossecon·

45 1616 153 1684 ervari,
167 1626 309 1675 ettamen
324 1624 530 1693 corrumpatur
543 1626 612 1674 ante
626 1614 836 1673 traditionem:
856 1613 903 1672 vel
918 1615 976 1673 etsi

45 1714 87 1753 on
102 1695 303 1765 affirmaverit,
325 1695 420 1754 sciens
433 1705 531 1754 tamen
547 1714 610 1753 rem
625 1714 684 1752 non
700 1693 880 1764 duraturam,
895 1713 976 1772 emp·

45 1793 124 1833 orem
139 1794 197 1833 nou
209 1774 405 1845 admonuerit,
420 1774 467 1833 oui
481 1785 552 1833 tunc
565 1773 704 1833 venditor
717 1771 875 1850 obligatur,
886 1792 977 1852 qnan-

45 1853 93 1911 dm
109 1853 175 1932 ejus
188 1854 331 1912 intererat
344 1853 526 1912 admonitum
540 1853 642 1912 inisse.

67 1933 151 1992 Dum
165 1953 203 1991 ex
218 1932 330 1992 duabus
341 1933 430 1992 rebus
441 1952 498 1992 una
511 1931 689 2011 disjunctive
701 1930 850 2001 venditur,
859 1951 887 1989 r.
897 1950 926 2011 g.
937 1949 977 1991 ex

45 2010 145 2070 nobus
156 2013 240 2090 equis
251 2032 335 2082 unus,
349 2031 408 2071 non
424 2011 649 2073 determinando
660 2022 746 2079 uter;
769 2011 793 2069 si
808 2021 876 2068 ante
885 2009 977 2069 tradi·

45 2091 141 2150 ionem
156 2101 280 2168 pereant
293 2090 379 2150 ambo
392 2102 462 2169 post
475 2091 676 2150 venditionem
697 2089 831 2149 absolute
857 2089 977 2160 factam,

46 2180 148 2249 mptor
161 2180 280 2229 tenetur
290 2170 406 2230 solvere
420 2171 548 2249 pretium
564 2170 759 2248 promissum:
781 2169 806 2227 si
821 2186 891 2228 vero
904 2169 977 2229 alte·

45 2259 114 2309 nter
128 2249 283 2308 dumtaxat
294 2259 408 2327 pereat,
432 2249 511 2327 perit
523 2250 681 2319 venditori,
707 2249 757 2327 qui
772 2258 891 2307 tenetur
904 2247 978 2308 resi·

45 2349 121 2387 ,uum
137 2328 255 2388 tradere
269 2329 407 2406 emptori.
420 2327 472 2386 lib.
484 2330 530 2386 18.
544 2328 653 2406 digest.
665 2329 714 2386 tit.
730 2331 754 2386 l.
769 2329 835 2405 lege
849 2329 899 2387 84.
985 2383 987 2387 ,

65 2409 108 2470 V.
130 2408 191 2468 Sub
216 2409 321 2466 iisdem
343 2406 583 2466 distinctionibus
597 2407 803 2466 resolvendum
819 2415 874 2477 est,
902 2405 972 2466 dum

45 2488 184 2565 iuaeritur,
199 2490 247 2547 cui
257 2508 305 2546 res
319 2487 441 2546 vendita
450 2487 651 2546 deterioretur
663 2497 716 2545 aut
725 2485 899 2546 melioretur
908 2496 977 2546 ante

45 2567 232 2626 raditionem.

66 2646 138 2704 Pari
161 2666 279 2724 quoque
298 2647 387 2706 modo
402 2646 611 2707 resolvendum
630 2645 759 2716 videtur,
783 2644 899 2704 cuinam
924 2664 972 2704 ret

45 2726 156 2784 'ondita
167 2726 347 2785 fructificet:
367 2737 437 2785 suot
450 2738 548 2785 tameo
560 2727 644 2796 varii,
658 2725 710 2806 qui
723 2724 836 2794 volunt,
851 2723 921 2783 dum
930 2725 978 2783 res

45 2804 228 2863 rindividuo
252 2805 449 2864 determinata
470 2815 516 2864 est
529 2805 659 2872 vendita,
679 2806 795 2863 fruetus
815 2803 978 2881 pendentes

45 2902 165 2960 empore
176 2885 354 2942 venditionis
362 2884 482 2962 quidem
494 2903 559 2943 etse
568 2885 721 2962 emptoris,
736 2883 787 2942 sed
796 2902 855 2941 non
864 2883 979 2942 fructus

47 2973 114 3021 atos
138 2974 208 3041 post
231 2963 441 3034 venditionem,
468 2965 581 3023 neerei
596 2965 809 3022 incrementum
830 2981 978 3043 sequens:

47 3042 131 3100 eriue
144 3057 242 3101 tamen
257 3052 313 3111 est,
328 3044 417 3101 etiam
432 3042 482 3101 illa
495 3042 678 3102 incrementa
687 3043 724 3100 ad
739 3052 904 3119 emptorem
912 3061 978 3120 per-

44 3120 137 3191 inere,
152 3133 186 3179 ut
200 3123 347 3180 sustinent
362 3121 492 3192 hessius,
509 3122 639 3201 Sylvius,
655 3120 793 3191 Billuart,
809 3123 860 3179 διο.

70 3200 199 3273 Quando
214 3201 341 3278 pretium
357 3212 472 3261 nonest
486 3201 625 3271 solutum,
648 3219 703 3258 nec
717 3220 771 3278 pro
786 3200 884 3258 soluto
896 3195 979 3257 habi·

44 3298 105 3349 uni,
121 3279 163 3337 sic
183 3290 217 3337 ut
230 3292 348 3357 emptor
362 3280 400 3338 sit
414 3281 444 3337 in
459 3300 543 3339 mora
556 3279 700 3349 solvendi,
714 3288 835 3338 censent
850 3274 978 3353 Sylvius,

45 3360 151 3417 lessius
165 3364 191 3417 dl
204 3359 400 3418 communiter
415 3359 573 3436 Theologi,
587 3358 778 3417 nihilomiuus
788 3357 900 3413 fructus
912 3372 975 3411 om·

45 3456 82 3495 res
97 3448 154 3496 stat
160 3438 197 3497 im
213 3440 231 3496 a
249 3450 369 3516 peracto
385 3438 563 3496 venditionis
577 3449 729 3497 contractu
740 3453 804 3495 esse
817 3433 980 3509 emptoris;

45 3517 162 3596 lioqnin
174 3518 252 3576 enim
268 3518 408 3576 venditor
422 3517 489 3577 ideo
502 3517 618 3577 fructur
627 3516 803 3595 perciperet,
817 3511 980 3588 quia-emp·
1014 3572 1016 3577 ,

45 3615 81 3654 or
94 3606 142 3654 est
155 3598 186 3654 in
199 3617 283 3656 mora
307 3597 450 3667 solvendi,
479 3596 558 3674 quod
582 3615 701 3655 usuram
715 3592 802 3671 rapit.
843 3590 876 3650 si
898 3586 980 3668 quod
1006 3580 1016 3623 ¹

45 3675 171 3734 auditor
181 3680 327 3736 interesse
336 3695 374 3736 ex
382 3694 467 3737 mora
475 3676 620 3754 emptoris
627 3674 768 3755 potiatur,
776 3671 832 3730 hoe
840 3682 979 3752 reparer!

45 3754 183 3815 euehitur
195 3766 321 3835 emptor.
