2160 4034
327 198 372 240 uu
390 198 473 242 sunu
492 198 533 242 aa
553 199 708 247 sussum.
979 192 998 249 9

85 305 137 364 Au
150 315 335 385 potestesse
349 326 420 367 vara
428 305 548 384 justitia
561 307 640 366 iuter
654 316 769 384 patrem
784 313 809 367 dt
822 307 914 368 tilium
929 311 944 370 Ρ

83 385 129 444 11.
151 387 193 446 R.
214 386 445 445 Praeuctandum
456 406 495 445 cx
508 381 602 446 Num)
614 406 701 464 praec,
713 386 792 465 qudd
801 387 997 466 adjustitiam

43 464 149 525 stricte
162 465 276 524 dictam
289 466 481 544 requirantur
494 465 539 524 he
552 475 614 525 tres
625 466 829 526 conditiones:
849 468 954 545 prima,
963 481 998 531 ut

46 545 86 602 sit
99 543 137 603 ad
151 543 301 613 alterum
321 543 459 614 secunda,
475 554 508 602 ut
521 545 551 603 in
565 544 660 605 altero
675 545 715 604 sit
729 546 865 606 strictum
875 548 927 625 jus
941 575 949 619 3
969 553 996 609 ἃ

44 623 145 692 tertia,
161 635 197 682 ut
205 624 257 683 isti
263 623 327 702 juri
340 623 484 684 reddatur
493 623 684 701 aequivaleus.

84 703 258 761 Dicendum
279 704 390 783 itaque,
412 703 491 781 qudd
515 703 570 762 sub
595 702 748 780 qualitate,
770 704 829 782 qud
848 704 926 765 tilius
950 719 996 769 est

46 781 159 860 aliquid
175 782 279 860 patris,
300 783 343 840 sic
356 783 435 840 inter
449 802 500 840 cus
523 802 582 840 nou
598 783 637 839 sit
659 781 779 860 justitia
793 783 895 844 stricte
909 786 998 859 dicta,

48 861 96 920 scd
109 861 211 938 pietus
224 872 330 920 mutua
343 862 380 920 de
396 860 516 939 justitia
529 861 654 920 multdm
670 861 859 940 participans.

83 941 146 999 111.
171 941 236 1000 Sub
249 941 307 1000 alia
316 951 415 1000 autem
431 941 574 1018 qualitate
588 941 648 1019 quis
660 941 739 999 filius
750 952 796 1001 est
809 944 996 1020 suppositum

51 1020 232 1090 distinctum,
247 1021 273 1078 dc
287 1021 376 1079 homo
391 1021 525 1078 diversus
539 1022 557 1077 d
570 1029 665 1098 patre,
687 1020 729 1077 sic
739 1021 818 1079 iuter
832 1041 884 1081 ecs
897 1034 997 1101 potest

49 1099 453 1256 uuui‘uuutu
462 1099 998 1258 ‘nstin‘uuussusuuu

625 1220 633 1248 9
941 1223 949 1251 5

52 1257 183 1317 detrahat
194 1260 285 1336 patri,
300 1259 525 1317 scilicetcoutra
533 1258 676 1336 pictatem
690 1259 831 1318 &centra
839 1259 998 1337 justitiam.

55 1337 124 1397 Vide
139 1336 229 1415 Sylv.
240 1341 269 1396 2.
284 1340 312 1396 2.
326 1347 421 1416 quaest
434 1340 482 1395 57.
496 1348 552 1395 art.
562 1340 591 1397 4.

81 1417 140 1478 lv.
163 1416 216 1476 Sic
241 1419 260 1475 i
281 1417 399 1475 fortiori
422 1416 510 1475 datur
533 1437 605 1476 veru
623 1415 744 1494 justitia
760 1416 997 1477 inter-virum&

53 1515 190 1563 uxorem
214 1497 295 1574 quia,
308 1496 379 1554 licet
392 1497 453 1555 sint
466 1515 526 1554 una
539 1515 607 1555 caro
622 1495 721 1573 quoad
744 1497 921 1574 principium
946 1518 999 1575 ge·

53 1576 220 1645 uacationis,
236 1586 306 1635 suut
318 1586 418 1634 tamen
432 1575 573 1634 distincta
586 1575 749 1652 supposita.

81 1656 118 1716 V.
140 1655 250 1714 Datur
263 1655 352 1714 ctiam
369 1675 440 1714 vera
457 1653 577 1731 justitia
591 1654 669 1712 iuter
683 1654 782 1712 Deum
797 1657 823 1712 a
837 1654 997 1726 hominem,

55 1735 204 1795 utdictum
223 1744 270 1793 est
281 1734 373 1792 Num.
386 1737 435 1792 36.
449 1732 516 1791 “de
531 1732 670 1792 Meritu.’'

83 1815 236 1887 Quaenum
251 1824 321 1872 sunt
334 1824 435 1891 partes
450 1812 602 1890 justitiae?

81 1893 137 1953 vl.
160 1893 203 1952 R.
228 1891 413 1951 Potentiales
427 1903 497 1950 sunt
511 1903 601 1959 cctu;
622 1890 751 1968 Religio,
779 1892 879 1950 Pietas
894 1894 920 1950 ἃ
937 1893 999 1952 Ob·

53 1973 203 2041 tenentia,
222 1991 288 2057 quae
303 1971 443 2030 deficiunt
458 1973 475 2029 a
484 1971 612 2048 justitia,
635 1972 776 2047 quianon
791 1971 947 2038 sufficiunt,
963 1985 996 2032 ut

10 2069 16 2103 ἱ
51 2051 167 2110 reddant
181 2051 301 2128 aequale
310 2050 374 2127 juri
389 2050 532 2109 alterius:
553 2049 718 2118 Veracitas,
735 2049 905 2120 Gratitudu,
921 2052 995 2111 Viu-

10 2147 14 2180 Ι
49 2131 160 2199 dicatio,
191 2129 369 2188 Affabilitas
383 2131 409 2188 8c
425 2129 612 2200 Liberalitas,
634 2136 782 2206 quaesunt
802 2131 839 2186 ad
861 2129 997 2201 alterum,

45 2210 136 2268 sedin
151 2209 255 2268 altero
271 2230 329 2267 neu
344 2219 391 2267 est
404 2211 540 2266 strictum
550 2207 611 2286 jus.

79 2289 155 2348 Vll.
181 2289 282 2362 Quasi
296 2300 396 2365 partes
420 2286 595 2365 subjectivae
613 2298 682 2345 sunt
706 2287 783 2364 apud
807 2287 998 2347 S.Th01uam

41 2379 143 2505 quaest.
167 2371 223 2426 61.
247 2380 304 2428 art.
330 2371 355 2426 l.
374 2367 494 2445 justitia
508 2367 728 2436 commutativa,
753 2367 951 2438 distributiva,
973 2372 998 2426 δι

39 2449 50 2506 l
118 2449 154 2506 is.

50 2467 176 2587 egdlll.
202 2527 267 2585 Pro
281 2537 365 2604 parte
379 2525 519 2604 integrali
539 2525 671 2604 assignat
685 2524 830 2584 Daelman
846 2527 997 2585 scientiam

39 2607 203 2685 utriusque
220 2606 310 2684 juris.

349 2764 390 2823 N.
412 2768 440 2821 6.
481 2763 541 2822 ΒΕ
561 2763 583 2825 J
586 2762 684 2822 ΗΒΕ.

295 2923 328 2982 S.
354 2922 452 2981 Hom.
473 2927 501 2980 2.
522 2925 550 2978 2.
569 2931 666 2998 quoest.
688 2923 736 2978 57.

49 3085 72 3143 Ι.
111 3084 208 3143 Varia
217 3084 302 3161 juris
327 3084 458 3159 acceptio.
499 3080 632 3140 11.-Jus
653 3082 771 3157 proprie
797 3091 938 3158 sumptum
961 3095 1001 3141 est

83 3164 215 3239 Icyitimc
238 3172 362 3241 potestas
387 3163 429 3219 ud
449 3181 516 3232 rem,
533 3160 721 3238 fimetionem,
747 3169 799 3219 aut
824 3163 999 3240 quusi-func·

81 3246 199 3303 ticum.

85 3404 99 3462 l
116 3400 494 3463 PRAENOTANDUM.
509 3397 589 3476 qudd
598 3396 650 3475 jus
665 3397 745 3454 varie
760 3397 939 3474 accipiatur:

86 3485 131 3540 10.
156 3483 222 3541 Pro
233 3481 358 3539 scientia
364 3478 442 3557 juris
453 3501 460 3537 ε
483 3478 550 3535 hinc
561 3477 670 3535 dicitur
680 3476 786 3553 aliquis
797 3477 916 3534 studere
926 3476 999 3554 juri.

52 3565 92 3619 2⁰.
113 3563 181 3621 Pro
194 3562 274 3629 loce,
289 3561 319 3617 in
335 3579 393 3637 quo
403 3560 454 3633 jus
468 3558 597 3616 dicitur:
622 3557 663 3613 sic
678 3556 787 3613 dicitur
800 3555 906 3632 aliquis
921 3578 998 3614 cum-

55 3661 152 3718 parere
168 3643 199 3699 in
218 3638 302 3719 jure.
342 3641 390 3696 30.
412 3639 473 3696 Pro
497 3637 653 3695 sententia.
693 3637 740 3692 40.
763 3635 823 3692 Pru
838 3635 924 3712 lege:
945 3636 1001 3696 hoc

55 3723 133 3781 node
148 3730 308 3800 sumptum
322 3716 466 3780 dividitur
480 3717 510 3775 in
523 3715 693 3775 naturale&
701 3713 879 3793 positivum
893 3715 1000 3776 deiude
