2160 4034
270 195 315 239 ns
334 194 570 239 concurremus
593 194 628 238 m
648 195 757 239 srecrr
932 182 993 244 405

59 308 62 315 “
90 298 133 359 V.
154 297 244 372 Quod
260 298 298 359 ad
318 299 442 376 primam
464 297 663 358 conditionem
683 299 800 369 attinet,
819 298 881 359 bac
894 320 949 396 per
961 325 994 368 ss

49 373 200 459 loquendo
214 388 260 438 est
272 377 388 437 tantnlm
402 379 431 437 in
443 397 581 455 supremo
591 379 746 456 Principe;
766 380 795 436 in
806 380 993 461 Principibus

50 457 170 517 vasallis
183 456 277 516 soldm
302 477 342 516 ex
364 458 552 516 concessione
573 468 624 516 aut
642 458 873 536 prascriptione.
906 463 993 525 reici.

49 543 128 596 tates
151 537 241 596 etiam
262 537 550 614 possuntitnponere
564 536 676 595 civibus
710 537 823 596 uaedam
845 559 936 601 onera
954 540 993 603 ad

49 608 160 674 bouum
175 635 339 685 commune,
354 635 419 693 quae
433 617 532 674 vocari
547 615 642 674 solent
660 616 701 675 Cb
722 627 793 675 ectce.

57 703 59 707 ’
85 694 146 756 Vl.
169 696 257 769 Quod
271 694 429 774 adjustum
444 714 495 753 sen
509 695 672 771 legitimam
686 715 801 754 causam
822 697 937 770 attinet,
957 719 994 761 ea

49 783 93 832 ast
107 774 230 853 duplex,
255 775 366 833 scilicet
386 773 503 852 publiea
516 774 676 833 necessitas
689 775 737 832 vel
750 774 862 834 utilitas
875 783 900 837 dr
908 777 993 856 justa

49 852 199 912 uindicta:
219 855 255 912 ad
270 853 416 933 publicam
429 854 634 912 necessitatem
646 852 692 911 vel
706 853 864 912 utilitatem
879 867 993 934 spectat

49 929 150 992 lebita
164 934 346 993 alimentatio
371 933 524 1010 Principis,
545 932 681 1001 militum,
702 936 850 1010 reparatio
865 934 992 1007 urbium,

49 1015 115 1072 lta:
136 1032 177 1071 ex
191 1011 275 1091 justa
288 1012 419 1071 vindicta
438 1022 538 1090 potest
551 1010 708 1093 aliquando
723 1013 834 1090 imponi
847 1014 991 1077 tributum

49 1089 185 1161 mbditis,
200 1094 249 1173 qui
264 1092 452 1162 rebellarunt,
473 1103 536 1150 tum
550 1091 587 1151 ad
601 1111 703 1150 eorum
718 1092 910 1169 punitionem,
927 1104 991 1155 tum

49 1169 82 1228 sd
95 1171 369 1249 compensationem
384 1171 557 1230 damnorum
578 1170 609 1229 in
633 1171 704 1249 ipsis
727 1170 920 1250 subjugandis
932 1175 991 1234 fac·

49 1260 158 1309 torum.

83 1329 139 1387 Ad
148 1327 260 1409 justam
273 1349 389 1411 quoque
398 1349 513 1387 causam
525 1338 647 1407 spectat,
661 1348 698 1388 ne
710 1328 821 1389 tributa
833 1330 993 1410 exigantur

49 1405 82 1466 sd
96 1407 212 1467 alienos
230 1429 310 1476 usus,
331 1419 383 1467 aut
397 1409 600 1486 voluptuarios
613 1419 746 1486 sumptus
762 1409 917 1487 Principis,
960 1414 990 1473 ni

49 1486 167 1547 modum
182 1489 339 1560 excedunt,
360 1488 499 1567 prodigas
518 1488 700 1567 largitiones,
720 1489 851 1568 aliasque
871 1433 992 1553 inutdes

49 1584 83 1625 rx
106 1587 201 1625 ansas.
445 1580 448 1587 ’

84 1586 161 1709 llll.
181 1645 317 1706 'l'crtium
330 1647 505 1725 requisitum
520 1656 574 1715 est,
588 1657 622 1705 ut
635 1657 770 1706 servetur
783 1646 886 1719 debita¹
896 1649 990 1730 impo-

49 1724 162 1784 titionia
182 1726 336 1804 proportio
352 1727 442 1803 juxta
463 1726 661 1785 conditionem
682 1727 874 1804 singulorum,
895 1730 937 1789 ita
957 1743 992 1791 nt

49 1803 91 1862 illi
104 1803 157 1887 qui
171 1803 303 1882 pluribus
326 1804 485 1874 abundant,
509 1814 561 1863 aut
584 1805 650 1882 plns
670 1804 707 1863 de
725 1806 934 1869 communitate
946 1809 991 1869 lu·

49 1895 173 1953 tuantur,
195 1883 261 1961 plus
275 1883 479 1952 contribuant;
498 1890 523 1943 &
537 1884 644 1943 deinde
658 1883 683 1942 si
696 1904 783 1943 causa
796 1883 911 1963 aliquos
931 1889 989 1949 siu·

49 1963 190 2042 galeriter
204 1961 319 2021 tantrlm
333 1973 498 2031 concernat,
518 1962 707 2040 singulariter
720 1975 891 2041 graventur.

82 2042 134 2102 Ex
161 2061 220 2121 quo
247 2041 372 2100 ulterius
399 2042 540 2120 sequitur,
569 2042 710 2120 injustum
737 2063 810 2113 esse,
831 2045 857 2102 si
883 2045 990 2129 uliquis

49 2117 155 2202 absque
169 2141 255 2180 causa
269 2123 349 2181 merb
363 2140 417 2200 pro
432 2121 555 2179 arbitrio
569 2140 587 2179 a
600 2120 719 2181 tributis
733 2124 890 2183 eximatur.

82 2200 162 2261 Item
177 2201 320 2261 tributum
334 2199 446 2278 imponi
460 2200 569 2259 debere
583 2200 619 2258 iis
633 2201 730 2272 rebus,
751 2222 789 2260 ex
809 2204 916 2282 quibus
928 2226 988 2266 nou

49 2283 128 2361 aqud
151 2291 314 2359 gravantur
326 2299 481 2358 pauperes,
502 2281 589 2357 quam
612 2278 739 2337 divites:
759 2291 848 2360 atque
868 2282 937 2344 ideo
956 2286 988 2343 in

49 2360 120 2423 lure
135 2360 283 2420 canonico
297 2366 322 2420 u
336 2360 415 2417 civili
424 2358 605 2436 prohibitum
616 2367 662 2417 est
671 2357 784 2417 tributo
793 2379 920 2435 gravare
929 2383 989 2435 res,
1020 2390 1022 2397 ’

49 2458 110 2518 guae
134 2440 172 2498 ad
196 2439 392 2498 necessarium
416 2437 535 2496 familia
557 2456 642 2496 usum
667 2447 805 2496 emuntur
824 2450 876 2497 ant
898 2440 988 2502 adve-

49 2519 166 2578 buntur.
207 2519 286 2576 Hinc
309 2519 467 2597 cajetanus
489 2516 599 2585 docuit,
622 2516 723 2594 iniqua
743 2519 989 2597 essevectigalia,

49 2617 108 2737 ,Ἧι
134 2599 326 2676 imponuntur
353 2595 441 2657 rebus
468 2596 628 2667 naualibus,
663 2607 696 2655 ut
723 2596 801 2667 vino,
828 2599 990 2672 cerevisia,

87 2679 108 2747 i,
122 2683 173 2737 &a
639 2726 641 2731 .

79 2757 196 2818 Verum
211 2756 272 2815 baec
285 2756 439 2829 sententia¹
454 2754 616 2834 rejicienda
638 2764 684 2814 est
704 2765 842 2836 tanquam
855 2755 931 2819 falso
944 2758 989 2818 in·

49 2835 115 2897 rixa
135 2837 345 2905 fundamento;
365 2837 471 2895 salsum
495 2835 574 2895 enim
598 2844 652 2904 est,
675 2854 822 2913 pauperes
844 2835 988 2899 similibus

49 2916 240 3009 vectigalibus
260 2935 377 2993 semper
390 2915 600 3009 plns0gravari,
624 2916 713 3007 quem
737 2914 844 3007 divites
856 2936 871 3009 r⁸
883 2934 991 3010 revera

49 3007 208 3135 {butt
222 2995 373 3132 {bitti
388 2993 874 3151 tttnttvtlt‘lttttt
884 3014 989 3135 tttt

49 3163 137 3225 nunt,
161 3154 212 3212 ubi
236 3172 380 3231 pauperes
400 3151 553 3212 vilioribus
572 3152 717 3210 victitant.
758 3152 858 3222 Adde,
879 3153 990 3215 divites

49 3231 145 3293 uultis
157 3233 223 3292 aliis
236 3234 289 3303 uti,
312 3252 378 3311 quas
391 3232 584 3310 vectigalibus
598 3229 730 3310 subjecta
742 3244 820 3303 sunt,
842 3233 868 3290 te
881 3232 988 3312 quibus

49 3322 327 3461 ‚afflibbsfbbrebltbi
342 3390 440 3449 omnia
453 3389 500 3448 vel
517 3390 665 3468 praecipua
678 3389 835 3468 vectigalia
855 3391 990 3468 impone·

49 3480 149 3531 rentur
166 3471 236 3530 solis
256 3468 415 3539 usualibus,
437 3476 462 3529 ἃ
485 3470 604 3547 quidem
629 3469 697 3540 illis,
718 3468 823 3548 quibus
843 3488 990 3610 pappare·
1014 3506 1024 3567 ,¹

49 3553 129 3629 aque
150 3571 185 3610 ao
206 3549 314 3612 divites
331 3549 475 3628 indigent,
489 3569 518 3607 v.
531 3569 562 3627 g,
575 3549 639 3620 sali,
660 3549 739 3626 pani,
763 3550 853 3607 &aba
873 3569 892 3607 a
930 3549 983 3611 bet

49 3648 137 3724 genus
164 3630 387 3710 impositionem
413 3628 553 3691 ridentur
578 3627 745 3708 respexisse
772 3627 892 3707 quidam
912 3616 983 3705 unffi

49 3728 173 3790 putores.
951 3750 955 3755 -
