2160 4034
273 163 317 206 nn
338 163 576 206 conrnsnrmns
595 157 637 206 m
650 163 768 208 senem.
946 145 1010 211 808

49 416 113 483 No.
135 426 186 483 57.
216 424 276 485 DE
300 427 653 488 CONDITIONIBUS
675 380 737 487 nl)
757 426 999 491 JUSTI'HAM

274 506 437 567 ansUs
459 506 790 570 CONSIGNATIVI.
1003 544 1005 548 ·

51 657 78 719 I·
113 663 294 724 Coreditsbm
309 665 381 742 jure
402 675 514 724 uuturoe
529 626 683 745 requiete.
734 664 777 725 11.
796 622 1005 745 Adjecerunt

82 743 184 805 demde
195 754 263 803 eunt
273 754 404 822 quotuor.
417 792 420 797 .
445 743 506 803 111.
524 743 656 804 Pretium
667 764 799 804 uersuum
811 748 843 805 ιἰι
856 745 970 822 Belqio.
1000 757 1006 779 ’-

95 899 121 960 I.
145 901 372 967 PLURIMAS
394 902 578 962 conditiones
596 903 753 984 requisivit
768 904 840 962 Pius
854 904 892 965 V.
906 902 936 962 iu
951 920 1007 967 sue·

57 978 243 1040 Bulle'Cuu
267 998 348 1040 onus
371 998 592 1051 erosronrerr3
622 982 674 1041 sed
699 984 871 1042 constitutio
890 982 950 1052 iile,
970 995 1006 1043 ut

58 1057 169 1118 dietum
192 1069 238 1119 est
260 1060 351 1119 Num.
375 1059 563 1138 prmoedenti
583 1062 746 1140 non.viget
764 1062 793 1120 in
809 1063 927 1141 Belgio,
947 1063 1005 1139 nisi

57 1140 156 1215 quoad
180 1159 230 1198 ees
251 1139 445 1210 conditiones,
465 1160 539 1218 ques
559 1141 651 1199 etiem
671 1141 798 1220 requirit
816 1140 867 1220 jus
881 1152 1004 1213 nature,

58 1223 78 1277 dr
92 1218 135 1277 de
148 1218 265 1298 quibus,
278 1220 393 1279 oaeteris
403 1220 618 1297 pretermissis,
633 1219 662 1280 io
673 1221 864 1287 sequentibus
874 1241 1006 1300 egemus,

77 1297 142 1357 ,II.
162 1298 238 1361 Jure
261 1299 354 1376 igitur
373 1310 490 1358 7ιιιιιιιιιιι
511 1299 674 1377 requiritur
700 1302 745 1358 10.
774 1300 819 1360 Ut
841 1320 946 1360 census
966 1300 1010 1360 sit

55 1375 261 1437 irredimibilis
281 1398 321 1436 ex
344 1391 429 1457 parte
451 1379 616 1449 censuistnu
637 1399 690 1438 seu
704 1389 737 1438 ut
750 1399 815 1439 sors
829 1378 1008 1439 irrevocabi-

55 1454 129 1516 liter
136 1457 298 1527 alienetur,
319 1471 352 1517 ut
365 1459 408 1517 ite
421 1478 526 1517 oeneus
539 1477 598 1516 non
613 1457 776 1536 degeneret
789 1459 818 1519 in
833 1469 979 1518 mutuum.

96 1538 148 1595 2⁰.
170 1537 213 1597 Ut
236 1557 341 1596 eensus
362 1539 561 1597 constituatur
579 1556 668 1615 super
681 1558 715 1597 re
728 1549 781 1597 eut
797 1558 926 1617 persone
938 1557 1008 1617 pro·

52 1615 126 1692 pria
138 1616 302 1686 censuerii3
322 1617 391 1695 quie
405 1617 486 1676 nullu
498 1628 545 1676 est
557 1616 690 1677 venditio
704 1618 747 1677 rei
762 1638 821 1678 non
835 1638 919 1677 meu.

96 1696 149 1753 30.
172 1694 216 1754 Ut
234 1697 433 1756 constituatur
451 1717 540 1775 super
552 1716 586 1754 re
600 1709 652 1755 aut
664 1716 792 1775 persons
806 1696 870 1756 utili
886 1696 931 1755 vel
945 1695 1010 1756 fru-

49 1771 176 1850 gifere3
203 1775 273 1855 quie
294 1794 383 1854 super
401 1796 434 1835 re
448 1776 542 1835 sterili
559 1777 611 1854 jus
625 1774 801 1857 frngiferum
816 1776 935 1836 fundari
948 1795 1010 1836 nou

97 1858 169 1913 test.

51 1870 171 1991 PoNou
196 1942 294 1993 tumen
319 1934 491 2012 requiritur,
520 1944 554 1993 ut
577 1953 625 1993 res
649 1933 774 2014 singulis
797 1936 883 1995 annis
905 1934 1010 1993 fructi-⁴

54 2010 138 2081 tinet,
167 2011 242 2072 odeo
267 2023 308 2075 ut.
333 2013 358 2071 si
382 2033 512 2072 resono
536 2033 613 2072 anno
636 2034 696 2074 non
720 2014 862 2081 redderet
883 2013 1008 2086 fruetus,

55 2089 135 2150 liber
149 2102 229 2151 esset
242 2093 412 2151 censuarios
425 2093 595 2170 dpensione
603 2092 662 2153 isto
673 2113 749 2153 enno
761 2094 919 2163 sol-vende;
939 2095 1011 2171 qnia

56 2171 164 2249 pensio
186 2191 283 2230 annue
304 2191 363 2230 non
383 2172 509 2231 debetur
523 2192 561 2230 ex
575 2173 710 2250 ipsismet
723 2172 868 2232 fructibus
881 2174 935 2244 rei,
957 2171 1010 2230 sed

53 2269 165 2386 qensqs
184 2249 347 2329 imponitur
361 2271 450 2330 super
463 2253 528 2328 ipse
541 2270 583 2322 re,
605 2271 657 2310 seu
675 2253 745 2328 jure
759 2253 951 2332 proprietatis
964 2251 1009 2310 rei

68 2349 103 2387 ru
127 2349 218 2388 nerse.

97 2349 193 2469 rilint
216 2419 304 2477 esset,
329 2410 353 2468 si
375 2409 454 2468 forte
477 2407 632 2468 censuistis
656 2408 818 2469 deberetur
840 2408 943 2488 pensio
967 2428 1007 2468 ex

54 2487 192 2566 ipsismet
205 2488 348 2547 fructibus
363 2487 495 2568 ejusdem
507 2489 560 2560 rei,
575 2498 627 2548 aut
636 2508 706 2568 pers
715 2489 847 2568 aliquota
857 2491 1006 2547 fructuum

55 2567 108 2636 rei,
131 2577 164 2626 ut
180 2568 255 2628 Gen.
269 2588 331 2646 cap.
346 2570 395 2627 47.

96 2647 149 2706 Ex
170 2646 442 2727 quibussequitur,
463 2648 648 2706 censuarium
671 2657 806 2726 tempore
824 2646 894 2705 belii
908 2645 1004 2705 teneri

56 2725 94 2784 nd
109 2745 224 2786 nnuuos
239 2726 384 2797 Oenones,
398 2728 587 2805 quantumvis
600 2746 648 2786 res
662 2726 917 2804 censuisubjeetu,
933 2745 961 2783 v.
974 2745 1005 2804 g.

57 2796 139 2882 figet,
160 2806 276 2865 ratione
297 2806 366 2865 belii
384 2807 481 2865 nullos
498 2807 612 2865 fruetus
626 2806 719 2876 deret,
741 2806 798 2865 nisi
822 2804 1004 2864 authoritate

56 2883 175 2961 publicis
188 2885 291 2963 pensio
307 2906 361 2964 pro
376 2886 427 2944 illo
442 2906 510 2944 casu
523 2887 736 2945 remitteretur.

95 2964 188 3038 Quid,
210 2967 234 3022 si
258 2985 306 3023 res
329 2966 434 3024 census
454 2965 528 3043 pure
551 2964 640 3023 realis
657 2965 823 3042 partialiter
835 2958 939 3044 pe'reet
951 2973 1004 3023 eut

57 3044 168 3103 sterilis
181 3043 312 3104 evadet?

95 3123 136 3185 R.
159 3123 305 3201 sepositis
323 3123 410 3201 culpi
423 3122 567 3181 cenerarii
581 3124 607 3180 8ι
621 3133 707 3201 puoto
722 3122 957 3193 assecurationis,
977 3122 1008 3181 sir

52 3201 102 3280 jus
116 3203 156 3261 ed
168 3203 283 3261 fructus
296 3222 423 3261 annuam
436 3201 608 3280 pensionem
623 3221 742 3279 aequere
755 3222 813 3262 non
827 3203 930 3282 possit,
945 3220 1006 3260 non
1025 3250 1028 3255 .

56 3282 137 3342 velet
157 3301 263 3340 oeneus
284 3283 427 3360 qnantum
450 3283 486 3340 ad
510 3283 599 3340 istum
619 3301 792 3352 excessuum
813 3281 891 3340 velet
903 3292 1003 3340 tamen

54 3362 214 3499 edlraqqqq,
229 3363 287 3439 quir
299 3382 348 3420 res
362 3372 408 3420 est
419 3361 574 3439 frugifera,
589 3362 615 3418 8r
628 3361 668 3420 ed
681 3372 775 3420 retem
789 3361 892 3440 pensio
906 3358 1006 3418 annuis

56 3460 90 3499 so
103 3442 132 3498 vi
169 3451 246 3499 eet.

96 3520 215 3593 Quarta
228 3520 359 3579 conditio
373 3529 428 3589 est,
450 3528 483 3578 ut
495 3528 633 3578 servetur
640 3518 755 3596 justum
762 3516 908 3657 dmm,
924 3515 1013 3595 quod
1032 3576 1035 3581 .

54 3598 194 3675 similiter
215 3619 250 3658 oe
272 3600 303 3658 in
322 3599 658 3680 emptione-venditione
672 3609 759 3678 peteo
771 3614 832 3669 ,run
845 3609 891 3656 est
904 3597 953 3657 vel
965 3614 1019 3671 m
1035 3592 1046 3703 q'

1033 3904 1046 3969 ¹.
