2160 4034
341 178 387 222 on
405 178 487 223 sune
507 180 549 223 ur
567 178 722 224 suerrum.
958 158 1015 221 115

65 281 212 343 eonveniri
225 300 285 343 uon
298 301 397 362 posee,
416 284 475 344 niei
488 283 665 363 inquentdm
678 284 795 344 solvere
812 281 902 353 velet,
922 282 1012 341 modo

64 358 196 423 lienem
209 363 388 433 cautionem,
409 364 440 422 id
454 373 509 434 est,
526 366 730 441 juramentum
744 372 876 442 prestet,
890 380 923 422 ee
933 360 1012 422 solu·

49 518 51 525 Ι
64 450 164 511 terum,
186 462 257 501 eum
270 443 308 501 ed
319 443 508 522 pinguiorem
521 444 675 503 fortunam
690 442 854 503 devenerit.

49 572 50 577 ,
65 558 68 565 -
90 520 166 579 Hoo
179 522 372 601 privilegium
393 542 565 582 ooneeesum
590 534 637 584 est
650 524 681 582 iu
695 523 829 583 levorem
843 521 936 582 totius
947 519 1013 581 'Or-

56 598 127 660 disie
153 600 329 672 (llerioslis3
348 600 396 660 eui
410 602 536 680 proinde
549 602 736 680 particularis
758 601 891 662 Clericus
914 599 1012 659 relide

53 680 231 741 menum
244 700 304 745 nou
317 689 425 759 potest,
442 690 476 739 ut
489 679 650 741 observent
664 682 841 742 Geuonisteo.

84 756 166 819 fleo
174 760 338 839 privilegio
348 779 407 818 non
420 761 553 839 gendent
563 761 683 830 Clerici,
715 761 745 819 ui
759 761 790 819 iu
800 759 935 819 fraudem
950 777 1014 818 eren

49 834 188 899 deorum
203 838 284 899 boue
296 858 350 899 sue
363 840 517 919 dissipent,
531 840 580 900 vel
593 782 799 900 fraudulenter
813 848 1014 918 sogesserunt

80 936 101 976 o
114 918 235 990 Iauiois,
256 920 343 979 eiouti
358 920 525 998 generatim
536 919 618 980 irrue
628 920 756 980 destruit
770 919 909 979 effoetum
922 918 1014 1000 privi-

49 934 121 1075 ligii
132 998 376 1078 quelisoumque.

65 1274 112 1337 N.
134 1277 188 1336 67.
230 1276 292 1337 mt
312 1277 567 1339 DILATIONE
590 1278 653 1351 ΟΒ,
672 1275 993 1339 ΙΜΡΟΤΕΝΤΙΑΜ

204 1354 303 1417 NON
324 1356 603 1418 PERPETUAM
626 1356 877 1417 DEBITORIS.

57 1512 288 1595 lepotentie
328 1514 425 1577 ILP
460 1517 529 1579 sica.
571 1514 827 1595 1110Etmorelis.
869 1515 1014 1578 1v.N0n

92 1592 404 1673 dedetfieriperbona
464 1599 469 1610 '
507 1597 658 1653 'ordinis
700 1596 739 1656 V.
759 1594 828 1653 Nisi
837 1615 913 1653 roro.
954 1594 1013 1656 vl.

93 1673 215 1735 eurora
220 1695 277 1755 per
290 1675 426 1755 offertore
438 1685 662 1753 commentor.
704 1674 780 1735 VII.
800 1673 953 1733 Mom'tum.

96 1874 308 1951 QUAENAM
328 1884 377 1935 est
402 1873 587 1954 impotentia,
615 1874 653 1935 ob
676 1893 764 1953 quem
789 1871 907 1934 debitor
933 1873 1014 1934 lioite

49 1954 166 2015 differt
190 1954 438 2014 restitutionem?

98 2034 124 2094 1.
134 2034 176 2093 R.
189 2034 249 2092 Est
255 2035 432 2112 impotentia
440 2053 500 2092 non
514 2043 668 2112 perpetue,
679 2032 811 2111 physice,
825 2031 874 2091 vel
887 2032 1017 2092 moralis.

99 2113 141 2173 ll.
163 2112 350 2191 Impoteutie
363 2113 486 2192 physice
508 2123 555 2172 eet
578 2113 799 2190 impossibilitas
814 2113 1014 2172 restitutionis

71 2194 168 2254 stetim
182 2192 338 2266 feoiendae,
357 2193 564 2270 undecumque
578 2193 701 2251 orietur.

101 2272 161 2333 ΠΙ.
185 2271 314 2332 Moralie
336 2281 391 2343 est,
412 2292 441 2330 v.
454 2291 484 2349 g.
504 2270 690 2350 inculpabilis
716 2270 885 2350 ignorantia
912 2270 1016 2343 debiti,

68 2354 128 2413 item
153 2360 299 2410 extrema
318 2352 488 2422 recensitae,
511 2371 577 2430 quae
600 2361 732 2420 excuset,
754 2350 894 2429 quamdiu
917 2351 1016 2418 duret,

66 2432 111 2491 riri
120 2432 211 2490 forte
226 2429 346 2490 debitor
360 2434 521 2510 peripsam
536 2430 581 2489 rei
596 2429 776 2489 ablationem
790 2429 970 2488 creditorem
984 2430 1015 2487 iu

67 2520 229 2572 extremam
244 2511 451 2570 nenessitatem
466 2509 642 2588 conjecerit.

94 2591 226 2650 Dioitur
246 2599 266 2628 ‘⁶
278 2610 335 2648 non
346 2590 516 2668 perpetue,”
538 2590 607 2667 quie
617 2588 794 2666 impotentia
802 2597 947 2664 perpetue
956 2606 1017 2647 non

67 2670 153 2731 ttldm
169 2678 221 2728 eet
243 2689 331 2729 eausa
344 2669 510 2740 differendi,
532 2669 585 2728 sed
604 2667 779 2747 simpliciter
793 2668 811 2725 e
824 2665 1016 2726 restitutione

68 2758 192 2811 mnt-

93 2829 289 2907 lmpotentin
308 2827 428 2886 morulis
442 2827 601 2906 aliquando
616 2827 721 2885 edesse
737 2825 854 2894 dieitur,
869 2825 940 2884 dom
950 2827 1018 2908 quis

66 2928 112 2971 rou
125 2918 240 2987 potest
252 2909 412 2967 restituere
426 2908 483 2967 nisi
497 2927 551 2986 per
566 2908 642 2966 bonu
654 2905 778 2965 alteriue
793 2904 924 2975 ordinis;
950 2907 1019 2966 hino

140 2989 229 3046 itur:

68 3008 215 3128 lulllrdm
230 3066 632 3136 excuseturdrestitutioue‚
653 3066 704 3147 qui
728 3084 788 3123 uon
808 3073 908 3143 potest
931 3066 1018 3125 resti-

64 3158 140 3209 tuere
156 3146 224 3205 nisi
236 3165 291 3224 per
304 3145 382 3204 bone
396 3146 508 3205 ordinis
522 3147 708 3224 superioris?

49 3226 51 3239 '
92 3228 133 3288 ll.
157 3226 406 3296 Praenotaudum,
418 3226 498 3304 qudd
512 3226 656 3285 bonorum
665 3222 843 3283 naturalium
854 3224 893 3282 eit
906 3225 1018 3302 triplex

62 3307 151 3369 ordor
174 3306 212 3364 in
228 3324 367 3383 supremo
378 3314 447 3364 eunt
460 3308 531 3376 rita,
552 3304 694 3373 membre,
716 3305 834 3373 sanitas,
857 3305 1019 3380 ingenium,

59 3391 105 3447 let.
125 3387 160 3444 in
185 3385 292 3444 medio
314 3395 384 3444 sunt
406 3386 501 3444 honor
524 3387 551 3443 St
572 3385 668 3444 fama:
690 3384 720 3441 in
735 3382 836 3440 infimo
850 3391 918 3439 sunt
939 3381 1017 3441 bona

58 3468 202 3533 iortunte,
225 3463 338 3523 divitie
353 3466 378 3522 lle
392 3485 441 3524 ree
454 3464 635 3542 temporales
649 3462 775 3541 peeuuid
788 3459 985 3519 aestimabiles.

96 3546 157 3606 1v.
174 3544 251 3603 Hoc
265 3553 377 3614 notato,
392 3544 589 3623 respondetur
600 3542 765 3601 debitorem
777 3560 835 3597 nou
850 3541 947 3598 teneri
957 3560 1019 3600 res·

61 3627 175 3685 tituere
191 3642 263 3682 cum
277 3622 397 3702 jactura
420 3625 563 3683 bonorum
578 3621 739 3699 superioris
754 3619 874 3688 ordinis,
903 3620 1020 3696 quaudo

61 3705 108 3764 illo
129 3702 256 3783 judicio
278 3703 456 3783 prudentum
479 3701 661 3840 suutglonge
684 3698 778 3778 majus
799 3692 1047 3806 detrimentum)

516 3800 540 3840 rr
