2182 4036
339 169 383 212 nn
402 170 484 214 sunu
504 173 546 216 nu
565 174 719 218 ausurum.
966 163 1005 220 28

57 270 366 351 Canonesloquantur
379 273 568 350 generaliter,
592 283 618 336 tr
632 277 711 356 qndd
733 276 847 339 lruotus
871 277 914 338 illi
937 281 1005 339 sub·

56 351 141 411 tracti
152 351 345 410 nihilominus
359 365 496 414 maneant
509 375 580 415 vere
593 355 788 416 beneficiales.

93 430 144 489 An
160 440 207 490 est
220 431 330 490 aretior
344 430 486 509 obligatio
497 435 678 494 Olerioorum
693 437 882 514 expendendi
902 457 1003 515 snper-

56 509 112 569 ilna
124 509 309 570 beneficialis
322 510 353 570 in
366 511 430 590 pias
441 533 552 585 causas,
577 535 664 593 quam
679 515 804 575 divitum
817 517 1005 595 expendendi

57 589 204 667 superflua
217 591 247 648 in
262 593 433 669 pauperes?

93 667 150 730 Vl.
171 669 211 728 R.
232 670 289 728 Est
302 668 396 728 multb
410 671 534 741 arction
557 675 602 731 10.
616 673 686 752 quia
700 674 808 734 Clerici
818 695 876 733 non
888 674 1005 734 tantum

56 767 91 806 ex
100 747 257 818 charitate,
272 748 325 808 sed
338 749 427 807 etiam
437 771 476 809 ex
486 752 842 832 obedientia&religione
853 764 1002 814 tenentur.

92 829 140 885 20.
164 828 244 901 Quia
258 827 356 885 omnia
370 830 518 906 superflua
525 829 707 891 beneficialis
715 833 857 893 obstricta
866 846 934 893 sunt
944 835 1002 914 piis

54 906 154 977 eaesis,
169 927 229 966 non
243 906 316 966 γετὸ
333 907 431 966 omnia
445 910 594 988 superflua
607 912 835 989 patrimonialia.

89 987 136 1044 3⁰.
160 987 240 1060 Quia
257 985 401 1064 obligatio
416 990 500 1065 quasi
514 990 639 1048 inhaeret
653 991 725 1068 ipsis
739 989 895 1070 superfluis
910 991 1004 1053 Cleri·

53 1084 165 1204 aalma}
181 1065 322 1144 quamdiu
332 1065 436 1126 saltem
450 1069 529 1148 apud
543 1069 622 1147 ipsos
636 1082 724 1141 sunt;
737 1091 796 1130 non
811 1072 883 1130 item
897 1092 1000 1151 super·

79 1164 122 1205 urs
157 1147 274 1206 ruitum.

101 1303 143 1362 N.
167 1306 213 1363 15.
253 1305 314 1367 on
335 1306 533 1372 onJuoro
555 1306 740 1368 nummu
761 1272 953 1369 nunnus.

60 1423 81 1481 l·
104 1426 386 1504 Olp‘estnmdominii.
417 1429 460 1489 ll.
475 1429 783 1490 Suntoetuslmmnni.
825 1429 884 1488 111.
897 1429 1003 1498 Fonte,

96 1526 165 1564 aeae
191 1508 384 1582 membrorum,
417 1510 467 1586 850.
528 1508 584 1570 IV.
616 1509 661 1568 Et
684 1509 881 1588 superlunareo
909 1510 1006 1587 quood

89 1585 205 1665 ΜΒ
217 1589 366 1664 wom-
430 1632 434 1641 ,

91 1705 320 1780 QUODNAM
333 1720 379 1769 est
393 1707 544 1788 objectum
560 1707 684 1768 dominii
698 1708 841 1769 hnmani?

92 1784 116 1843 Ι.
136 1785 177 1845 R.
200 1786 276 1846 Sunt
297 1808 355 1858 res,
376 1808 441 1868 qum
466 1790 574 1847 eadunt
597 1787 651 1847 sub
671 1787 833 1846 dominium
856 1785 1002 1845 hominia:

60 1882 105 1923 res
119 1874 220 1924 autem
234 1865 292 1926 illae
302 1867 408 1946 aliquas
419 1877 488 1927 suut
501 1867 613 1926 homini
624 1867 756 1936 internae,
771 1866 835 1924 aliae
847 1877 988 1926 externae.

92 1942 237 2018 Quaenam
252 1965 298 2005 res
312 1947 437 2007 internae
451 1947 575 2006 subsunt
586 1946 717 2005 dominio
733 1946 885 2005 hominis?

91 2022 134 2083 ΙΙ.
149 2025 190 2084 R.
206 2024 474 2086 Homodominium
481 2023 570 2085 habet
579 2037 696 2085 actuum
703 2044 823 2084 suorum
833 2023 1004 2091 liberorum,

57 2101 143 2162 etiam
152 2102 414 2176 internorumimd
424 2111 450 2166 dr
459 2104 813 2183 supernaturalium‚quia
821 2113 889 2162 sunt
898 2104 927 2160 in
940 2101 1004 2180 ejus

57 2191 223 2259 potestate:
244 2185 314 2262 quin
323 2185 519 2245 &dominium
531 2182 640 2243 habere
650 2183 892 2243 videturaetuum
904 2201 1005 2240 neees-

58 2260 211 2333 sariorum,
232 2263 567 2333 moddsintdelibereti,
592 2274 627 2321 ut
641 2262 770 2322 diximus
784 2262 876 2321 Num.
893 2264 917 2319 1.
938 2271 955 2298 ‘⁴
966 2260 1004 2319 de

59 2349 76 2378 “
88 2340 203 2400 antibus
217 2341 379 2414 humanis‚”
399 2348 424 2402 dr
438 2342 589 2402 conforme
603 2352 649 2401 est
662 2342 754 2400 Num.
768 2344 796 2400 9.
812 2341 860 2400 nbi
875 2340 1004 2399 diximus

57 2417 153 2479 Deum
167 2439 234 2480 esse
255 2422 416 2482 Dominum
430 2422 579 2481 actionum
593 2441 712 2480 suarum
732 2430 751 2460 “
761 2421 799 2481 ad
813 2419 918 2492 intrn,'’
939 2438 1004 2498 qne

60 2511 125 2559 sunt
137 2501 323 2560 necessariae.

96 2578 157 2638 ΠΙ.
178 2581 227 2641 20.
248 2580 350 2640 Homo
361 2579 523 2641 dominium
536 2577 626 2639 habet
639 2599 699 2639 snae
712 2578 807 2638 famae.

94 2660 141 2718 30.
163 2657 268 2717 Habet
282 2659 443 2720 dominium
458 2661 529 2720 nmis
547 2658 746 2718 membrorum
771 2676 891 2716 suorum
906 2662 931 2716 dr
945 2672 1004 2715 suae

61 2735 140 2797 vitai:
160 2737 252 2798 homo
263 2758 322 2798 non
334 2739 424 2800 babet
434 2750 533 2799 tamen
543 2739 704 2798 dominium
717 2736 847 2815 ipsorum
859 2735 1006 2795 membro-

60 2834 118 2874 rum
130 2837 186 2878 nee
196 2817 277 2888 vitm,
291 2818 353 2878 sive
367 2820 504 2897 propriae,
518 2819 581 2877 sive
591 2817 703 2887 alienae,
718 2816 770 2875 sed
781 2816 837 2874 boo
845 2815 901 2874 sibi
909 2833 1005 2875 resar-

61 2897 134 2956 savit
148 2897 253 2965 Deum
281 2898 332 2975 qui
347 2908 445 2958 tamen
460 2897 623 2957 dominium
638 2896 813 2954 indirectum
829 2894 1003 2974 quibusdam

61 2974 167 3036 essibus
181 2976 330 3035 concessit
344 2976 475 3057 Principi
489 2982 515 3037 dr
529 2975 721 3055 Reipublicae,
736 2975 891 3053 dequibus
903 2975 1002 3044 latius,

62 3052 106 3111 ubi
124 3055 193 3114 “de
207 3055 396 3115 homicidio.”

94 3135 238 3209 Quasnam
249 3153 298 3194 res
312 3145 444 3195 externae
457 3132 581 3194 subsunt
595 3133 726 3193 dominio
735 3133 887 3193 bominis?

94 3213 130 3275 Η.
153 3213 345 3275 Generaliter
363 3234 465 3274 omnes
479 3233 527 3272 res
541 3213 722 3283 sublunares,
744 3213 807 3271 sive
817 3211 950 3282 mobiles,
972 3220 1006 3269 ut

60 3290 128 3365 libri,
151 3292 300 3372 supellex,
321 3298 371 3354 &a
396 3294 459 3353 sive
482 3293 656 3362 immobiles,
678 3293 798 3370 ntegri,
821 3291 934 3360 domus,
954 3295 1005 3348 dte.

60 3370 112 3432 sive
119 3371 303 3450 corporales,
312 3383 346 3431 ut
356 3392 470 3443 aurum,
481 3381 647 3450 argentum,
661 3377 711 3431 dre.
722 3372 784 3430 sive
795 3369 1004 3448 incorporales,

60 3469 103 3511 seu
116 3451 300 3531 spirituales,
314 3463 348 3510 ut
362 3453 465 3522 officia,
480 3451 631 3521 beneficia,
646 3452 782 3520 servitus,
804 3455 854 3509 dre.

89 3532 190 3592 Etiam
200 3530 265 3608 ipse
276 3530 468 3609 bomoqnoad
475 3551 566 3609 opera
576 3550 628 3588 sua
638 3541 806 3607 potestesse
815 3528 868 3586 sub
874 3525 1005 3585 dominio

60 3607 173 3671 dterins
186 3629 244 3704 per
258 3610 443 3680 servitutem,
458 3609 717 3688 quaeoontrabitur
729 3607 818 3668 titulo
828 3606 1010 3674 natiuitatis,

60 3690 223 3769 emptionis,
232 3687 340 3759 delicti,
354 3688 400 3748 rel
405 3688 478 3768 jure
490 3688 580 3750 belli:
597 3689 670 3769 jure
678 3700 797 3751 naturae
804 3687 1026 3749 nonsidantut

54 3766 178 3827 homines
189 3765 302 3825 babere
313 3767 479 3832 dominium
494 3771 527 3831 in
542 3770 639 3835 alium
655 3772 835 3835 hominem.
