2160 4034
277 174 321 216 nu
340 170 580 215 courcero-mus
598 170 633 214 ru
653 171 769 215 senem.
947 156 1005 216 ³41

60 273 98 333 ud
119 275 340 354 providendum
363 277 442 337 ltono
468 277 616 336 communi
630 283 656 336 ἃ
670 297 709 337 ex
731 285 881 359 potestate
903 279 1007 357 regie:

59 350 290 415 deinderaritas
300 374 460 434 manorum
473 376 533 415 nnn
547 356 685 434 provenit
699 376 738 416 ex
752 356 942 436 coemptione
952 359 1007 420 Jo·

61 432 141 512 seph,
156 436 260 494 sodex
273 436 430 494 sterilitate
443 454 587 494 annorum
599 437 796 516 sequentium.

98 513 264 587 Quomodo
277 525 408 593 peccunt,
427 515 479 596 qui
492 514 666 592 impediunt,
689 534 729 574 ne
749 533 861 574 meroes
874 516 944 576 talis
957 515 1007 576 vel

63 588 126 650 tulis
146 593 258 672 speciei
271 593 390 652 aliunde
404 593 611 654 advehamnr?
884 638 888 644 -

96 668 221 732 lv.1t
242 673 321 732 Dist.
335 673 361 732 si
382 673 545 751 impediant
559 673 588 730 vi
602 682 653 731 aut
676 672 791 743 fraude,
815 672 864 732 vel
886 684 1007 735 externe

64 754 245 811 uemaurree
257 752 382 830 pecunia
393 761 592 831 corrumpant,
613 763 647 811 ιιι
660 751 806 831 ejusmodi
820 770 933 812 merces
946 774 1007 813 nou

62 827 221 902 advehant,
244 841 368 908 peccant
380 841 484 891 contra
499 831 658 909 justitiam,
680 833 707 889 tc
717 842 857 891 tenentur
870 831 907 891 ad
921 833 1009 893 resti·

63 908 211 969 tutionem
235 910 338 969 incolis
359 909 466 992 quibus
479 931 566 969 causa
578 920 656 980 sont,
678 912 758 988 qudd
770 929 883 970 merces
898 911 1009 972 debent

57 985 158 1049 usit·
178 1002 289 1082 emere,
317 989 389 1082 item
410 989 477 1048 aliis
498 988 720 1063 mercatoribus,
742 990 1007 1069 qnosdmercibus

55 1068 632 1227 ωέξᾙῗιίᾝηὲιῗιὲζοξέξὲιῖῗιῗι
651 1148 864 1220 advectionem,
884 1159 1009 1227 peceant

49 1225 178 1285 mulin
192 1237 297 1322 ceptro
308 1227 481 1287 chomtatcm
500 1233 526 1287 ἃ
538 1227 698 1286 utilitatem
711 1245 895 1288 communem
909 1229 1008 1305 gravi·

49 1310 104 1363 ter
118 1304 173 1364 vel
185 1306 292 1365 leviter
306 1305 468 1366 secunddm
481 1305 644 1385 subjectum
667 1308 840 1367 materiam:
860 1308 921 1365 imd
935 1324 1007 1366 onn-

49 1380 182 1462 tingere
193 1395 302 1464 potest,
315 1398 351 1445 ut
362 1385 444 1445 nullo
457 1386 547 1445 modo
560 1396 692 1464 peccent,
713 1388 738 1445 ni
751 1404 857 1466 nempe
868 1395 1007 1446 extrane-

49 1478 148 1523 unm
172 1465 315 1524 mercium
337 1465 483 1525 adventus
506 1465 694 1535 causuforet,
721 1485 774 1524 cur
794 1467 873 1525 cives
892 1484 1007 1526 merces

49 1558 131 1602 uuus
154 1545 253 1621 pretio
266 1544 402 1623 legitimo
414 1543 554 1617 vendere,
576 1562 668 1604 onera
680 1546 707 1602 dr
720 1545 878 1624 uectigalia
890 1545 1007 1616 solvere

54 1633 227 1701 nequeant,
241 1630 292 1683 &c

100 1701 231 1779 Semper
240 1702 358 1761 interino
372 1701 592 1773 reflectendum,
607 1702 723 1782 peccari
737 1713 840 1762 contra
848 1703 1006 1782 justitiam,

57 1779 86 1839 ai
100 1780 256 1852 efficiatur,
270 1792 304 1840 ut
317 1783 446 1861 pretium
459 1781 599 1841 ascendat
612 1782 854 1855 ultrasnmmum,
866 1783 946 1862 quod
956 1782 1008 1842 ali-

60 1860 157 1941 oquin
172 1861 382 1921 convenienter
395 1870 508 1920 merces
522 1859 674 1921 haberent.

102 1928 265 2013 Quomodo
291 1950 432 2019 peccant,⁸
450 1939 476 1998 ei
502 1939 603 2018 plnres
631 1950 812 2000 mercatores
840 1941 1009 2019 conspirent

60 2036 124 2076 non
147 2019 278 2079 vendere
302 2017 350 2079 vel
370 2038 430 2077 non
454 2038 554 2079 emere
573 2019 632 2078 nisi
658 2029 739 2079 certo
761 2021 787 2077 a
810 2019 1009 2080 determinato

62 2098 189 2176 pretio?

103 2168 147 2238 V·
159 2172 200 2237 lt
221 2176 254 2237 sl
264 2175 434 2255 conspirent
446 2194 506 2236 non
519 2176 658 2247 vendere,
677 2175 736 2235 nisi
750 2194 839 2256 supra
852 2192 1010 2248 summum,

66 2254 112 2316 vel
120 2255 600 2349 uouemerenisiloufrainfimum,
622 2264 757 2334 opertum
768 2262 814 2315 est
823 2275 874 2315 eos
884 2268 1010 2335 utroque

66 2333 1010 2495 tttffilttttlllttt,lrtlffttllltlttlttl2

70 2494 115 2553 2⁰.
135 2494 173 2553 ile
186 2492 391 2553 deficientibus
404 2493 455 2553 elil
468 2492 670 2572 conspirantes
681 2514 689 2562 ς
709 2494 757 2552 30.
779 2492 895 2571 Singuli
908 2503 1011 2553 tenen·

71 2580 117 2631 ιιι
129 2572 299 2632 insolidum
313 2570 517 2632 deficientibus
531 2572 605 2631 eliis.

106 2651 142 2713 si
152 2652 323 2730 conspirent
336 2652 373 2711 de
395 2660 478 2711 certo
490 2651 598 2730 pretio,
624 2649 772 2710 manendo
786 2650 866 2709 intre
877 2650 1011 2710 latitudi-

70 2746 135 2813 nem
148 2732 238 2810 pretii
247 2731 334 2825 justi,
347 2740 464 2790 constat
478 2748 529 2790 eos
563 2746 665 2790 eccere
679 2739 782 2789 contra
796 2729 970 2789 charitatem
986 2733 1012 2789 δι

71 2818 173 2901 ponus
179 2809 329 2889 justitiam
339 2809 484 2889 legalem
498 2827 530 2869 te
561 2809 687 2888 queastio
697 2818 753 2884 est,
762 2829 799 2869 an
811 2809 900 2870 etiam
909 2819 1014 2869 contra

69 2889 216 2968 Justitiam
232 2890 482 2949 commutativam.

105 2968 232 3047 Negant
260 2968 389 3042 sylvini,
417 2969 566 3046 steyaert,
600 2966 755 3038 Decimae,
790 2968 841 3026 dte.
868 2968 1014 3027 affirment

70 3046 252 3119 Bnnnman,
281 3048 388 3111 Gollet.
415 3052 465 3109 ἀι.
487 3045 706 3125 dantqnehanc
729 3042 884 3118 rationem,
912 3066 1016 3106 unum-

68 3142 218 3208 quemque
236 3127 287 3207 jus
311 3126 429 3198 habere,
456 3145 495 3185 ne
508 3136 635 3204 cogatur
656 3144 755 3186 emere
779 3144 893 3185 summo
907 3128 1013 3205 pretio,

66 3214 121 3264 unt
143 3205 274 3266 vendere
297 3205 408 3278 intimo,
435 3206 474 3266 ad
487 3207 568 3286 qnod
591 3224 646 3285 per
669 3205 728 3265 tale
750 3205 950 3284 monopolium
965 3224 1013 3262 co-

92 3284 165 3344 itur.

69 3304 92 3364 g
109 3362 181 3422 Hoc
193 3363 354 3442 monopolii
368 3376 462 3443 pnes
475 3380 555 3442 eaepe
568 3362 703 3422 invenire
716 3371 763 3422 est
775 3361 805 3419 in
820 3360 1014 3420 conductione

69 3442 264 3580 denigratum,
286 3445 312 3502 ie
325 3443 355 3502 in
369 3443 520 3523 emptione
536 3440 615 3521 juris
628 3441 759 3501 cudendi
783 3440 881 3520 sylvas
895 3458 947 3498 seu
959 3438 1020 3519 lige
1048 3508 1058 3543 i

72 3527 343 3682 nffidjdiiuoquo
356 3598 518 3681 monopolii
531 3598 576 3660 rei
589 3606 660 3659 sunt
671 3597 808 3669 artifices,
827 3597 877 3676 qui
891 3597 1019 3658 interd!
