2160 4034
381 192 426 235 na
445 192 527 237 oona
548 191 590 235 rr
607 192 763 237 rosrrrra.
874 196 877 201 ·
995 178 1053 237 loa

65 286 262 357 uincirere
282 296 442 356 amicitiam
469 297 666 356 inordinatam
688 303 714 356 ἃ
733 297 764 355 in
785 295 865 356 mulo
884 295 1049 372 fundatam,

66 386 117 431 1.·
125 390 162 451 g.
172 376 259 435 iuter
270 378 361 447 foros,
376 377 457 436 inter
468 376 661 437 concubinam
673 383 700 436 ἃ
713 375 964 448 concubinarium,
985 397 1047 438 non

74 462 134 511 nt
147 456 331 527 nammatio,
350 456 403 515 ced
417 476 491 534 opor
505 456 669 515 charitatis.

39 538 42 575 ἵ
127 532 197 593 lll.
218 536 317 604 Patet,
326 536 559 595 susurrationem
571 535 631 593 linc
642 555 697 594 suo
709 535 832 594 differre
848 535 948 613 specis
962 534 1046 595 bdo-

79 614 262 684 &rationu
280 614 350 692 qaia
363 614 443 673 illius
454 615 523 673 linis
534 614 669 673 formalis
682 614 843 674 cottollero
856 612 1026 675 amicitiam.

128 692 288 765 Quantum
303 704 454 770 peccatum
469 694 518 752 es't
528 694 718 755 susurratio?
1001 742 1004 747 .

39 778 46 805 ·‘
131 769 192 831 lv.
213 774 252 832 lt
273 773 330 831 Est
354 792 392 831 ex
414 793 525 850 genere
543 793 597 831 suo
611 784 766 851 peccatum
787 772 923 843 mortale,
950 773 1044 832 Eccli.

92 846 213 909 dicante
226 871 289 931 cap.
301 855 351 909 28.
364 871 393 909 v.
410 855 454 910 15.
468 862 486 890 “
498 853 626 912 Susurro
640 859 666 912 dl
679 852 820 929 bilinguis
833 852 1008 911 maledictus
1018 852 1045 911 :’'

39 932 45 967 f
93 930 251 1011 &quidam
264 932 428 990 susurratio
438 931 721 1009 graviuspoccatum
732 943 885 1010 estonam
897 930 1042 992 detractio

39 1012 51 1047 '-
94 1008 328 1079 &matoneum
343 1012 394 1089 qui
408 1030 479 1069 vera
492 1010 623 1081 amicitia
636 1023 682 1070 est
697 1010 805 1086 bonum
820 1011 925 1088 majas,
953 1032 1042 1089 quam

39 1091 57 1127 ἢ
93 1086 169 1147 mma
182 1101 237 1148 out
250 1090 356 1159 honor,
367 1090 484 1150 dicento
494 1090 658 1170 Ecolicap.
669 1094 698 1149 6.
722 1101 740 1129 “
750 1091 858 1149 'Amico
868 1088 948 1148 fideli
961 1091 1043 1150 nulla

39 1170 60 1207 Ε
93 1168 390 1248 ttetcomparauoss’

39 1248 58 1285 ’ὗ
130 1246 353 1307 Potesttamen
365 1268 431 1309 case
440 1248 557 1309 reniale
571 1268 610 1308 ox
630 1249 806 1327 imperfecta
818 1247 1042 1318 deliberatione,

39 1324 159 1503 qiam
174 1346 217 1387 ex
226 1329 376 1407 parvitate
389 1328 531 1400 materia,
545 1348 598 1388 seu
610 1330 790 1400 nocumenti,
805 1327 886 1407 quod
903 1328 1041 1389 amicitiai

96 1404 103 1419 ⁸
130 1414 227 1467 ertur.

39 1486 81 1559 ⁵²³}
126 1486 276 1559 Quanam
288 1486 516 1547 circumstantia
526 1485 758 1547 dobentatteudi
767 1487 796 1545 io
808 1495 930 1565 peccato
940 1506 1040 1546 susur-

77 1565 238 1629 ¹rationis?

61 1708 65 1712 ,
111 1642 166 1705 Ὗ.
188 1644 299 1705 R.'l⁹.
320 1646 370 1704 Au
385 1642 697 1713 sitslmuldctmctl03
717 1644 1040 1705 uambanccommuui-

39 1723 67 1759 '¹'
91 1730 127 1783 tr
139 1722 287 1796 includit;
309 1725 339 1784 id
349 1735 508 1805 cognoscet
533 1724 875 1802 Confessarius'pctcndo
886 1722 958 1803 quid
973 1724 1040 1783 dix-

93 1802 152 1875 trit,
168 1804 198 1863 dc
210 1804 277 1867 vice
291 1805 379 1863 versit
391 1814 559 1883 cognoscet,
583 1824 621 1862 an
644 1803 791 1862 detractio
814 1823 875 1862 nou
899 1803 938 1863 sit
952 1803 1039 1863 simul

91 1878 263 1955 msurratlo,
284 1882 413 1963 patendo
427 1883 466 1943 ob
480 1902 569 1961 quem
582 1880 673 1941 finem
686 1882 862 1942 detraxerit.

69 2002 74 2043 ‚¹
105 1962 359 2023 ‘2⁹.·Pctendom
368 1973 414 2023 cst
424 1964 503 2022 inter
513 1961 615 2041 quales
624 1962 754 2021 voluerit
767 1962 927 2023 amicitiam
935 1960 1042 2022 dissol-

47 2096 53 2107 ,
67 2048 71 2077 ¹
86 2059 165 2113 rere,
180 2063 219 2101 an
234 2043 313 2101 iuter
326 2041 617 2122 parentesdcproles,
628 2042 708 2100 inter
718 2042 857 2100 maritum
866 2044 893 2101 dr
903 2050 1040 2113 oaorem,¹

39 2116 68 2187 ΠΕ
81 2120 164 2199 inter
177 2122 287 2181 fratres
299 2124 325 2181 8c
339 2140 465 2191 sorores,
488 2127 540 2181 dcc.
553 2122 638 2180 tantb
652 2122 730 2179 euim
745 2122 867 2199 gravior
877 2133 924 2181 est
936 2140 1037 2181 sucur-

39 2192 62 2271 Ψ,
81 2198 171 2271 aua,
183 2203 296 2281 qnantb
310 2201 440 2261 amicitia
450 2202 529 2260 inter
542 2200 607 2259 illas
617 2220 759 2279 personas
768 2210 815 2259 est
828 2201 924 2280 magis
936 2220 1040 2279 neces·¹

55 2282 171 2341 'saria
225 2330 228 2337 .

39 2352 51 2391 ¹
116 2362 173 2420 θ’.
195 2360 310 2442 lnqulri
326 2360 416 2421 debet
429 2358 467 2418 ad
482 2378 570 2439 quem
590 2359 682 2418 finem
702 2358 867 2418 susurratio
881 2358 960 2418 facta
973 2359 1035 2419 sit:

45 2446 52 2519 ξ
82 2439 265 2517 babetenim
279 2459 400 2499 susurro
411 2439 589 2519 quandoque
605 2438 677 2497 fines
690 2458 837 2509 enormes,
852 2459 880 2496 v.
888 2459 919 2517 g.
932 2459 1038 2516 perva-

39 2514 49 2623 ’ἶ
84 2518 186 2581 alandi
211 2520 249 2579 ad
267 2520 456 2590 adulterium,
480 2518 663 2599 impediendi
684 2518 863 2579 conveniens
883 2520 1036 2576 matrimo-

84 2599 176 2671 nium,
192 2604 244 2659 διο.
992 2654 995 2661 .

41 2688 45 2703 ·’
120 2678 172 2739 4⁰.
196 2678 325 2738 Attendl
351 2676 462 2737 debent
489 2676 595 2735 damna
619 2677 645 2735 a
667 2676 744 2734 mala
770 2696 809 2734 ox
831 2675 1035 2735 susurratione

39 2774 42 2781 ’
85 2766 187 2817 acuta
200 2758 249 2817 vel
263 2769 409 2829 secutura,
445 2754 522 2815 ualia
535 2766 604 2814 snut
618 2756 757 2825 divortia,
781 2756 857 2825 lites,
882 2754 1037 2833 dispendia

84 2836 126 2897 rel
139 2838 306 2906 familiaris,
327 2776 512 2915 perturlmtio
526 2834 659 2905 familia,
680 2834 808 2893 filiorum
822 2832 1034 2904 exboeredatio,

86 2919 214 2976 infausta
235 2917 440 2985 nratrimonia3
460 2915 498 2973 od
520 2935 586 2993 qum
600 2915 788 2974 resarcienda
805 2914 955 2992 obligatur
968 2916 1034 2994 ipsc

86 3016 216 3056 susurro.

121 3075 179 3136 cut
194 3075 299 3133 virtuti
313 3083 461 3153 repugnat
473 3073 663 3133 succurratio?

119 3154 159 3215 lt
184 3156 230 3212 1⁰.
250 3154 412 3235 Repugnat
422 3152 535 3211 directe
549 3152 697 3210 charitati.

39 3296 41 3309 ¹
117 3236 169 3293 20.
192 3234 224 3293 Si
250 3234 303 3292 liat
329 3231 444 3305 fraude,
475 3232 553 3303 dolo,
586 3230 758 3301 mendaciis,
784 3229 1030 3303 detractionibus,

85 3314 183 3373 aliisve
195 3312 291 3371 modis
301 3310 428 3393 injustis,
443 3312 532 3370 etiam
546 3326 692 3388 repugnat
701 3310 837 3391 justitia.

119 3394 173 3451 3⁰.
193 3392 355 3470 Repugnat
369 3392 419 3450 isti
433 3392 548 3459 virtuti,
557 3389 647 3467 juxta
662 3408 748 3467 quam
764 3389 853 3449 debet
863 3390 959 3447 inesse
969 3389 1033 3481 ipsa

84 3472 218 3543 amicitia,
233 3492 261 3530 v.
271 3492 301 3551 g.
311 3472 427 3555 pietati,
442 3470 467 3528 si
478 3490 532 3551 per
541 3471 773 3529 susurrationem
782 3469 940 3547 instigator
950 3468 1030 3533 fluns

39 3570 45 3586 ·
59 3578 62 3595 ·
84 3552 223 3612 advertus
236 3562 362 3631 patrem.

97 3644 101 3651 '
117 3629 236 3693 Ultimo
251 3628 440 3689 meminerint
453 3628 632 3715 superiores,
651 3648 690 3687 ne
704 3628 790 3687 nimis
804 3625 890 3685 facile
904 3626 1029 3685 credant
1067 3664 1070 3673 ·

39 3736 42 3755 ·
85 3710 271 3787 delatoribus,
298 3710 355 3771 uisi
379 3708 446 3770 illos
466 3706 732 3845 proboguovcrint.
752 3704 986 3768 “Olnudcstiuas
999 3708 1028 3765 δι

515 3805 537 3849 tt
1068 3806 1070 3815 .

754 3902 814 3920 -
