2160 4034
86 121 146 182 396
175 118 178 131 ”
462 138 650 185 renorma

128 399 189 462 m.
209 403 258 460 ιι.
299 400 358 487 nu
379 398 986 464 noenmonnnonooemonn
1068 377 1072 491 ξ

88 558 416 621 emmennone.
450 560 499 621 ιι.
518 560 856 639 commem.
899 558 961 620 ιιι.
977 556 1025 621 ot

383 640 530 717 mmm
547 642 731 702 meum.

127 798 238 872 QUID
252 807 298 857 eat
309 795 612 858 locatio-conductio?

92 876 98 885 '
127 876 153 937 Ι.
174 878 213 938 R.
234 877 291 936 Est
303 877 459 937 conventio
474 877 511 937 de
524 874 702 947 usufructu
714 876 770 948 rei,
789 875 839 936 vel
854 894 949 956 opera
967 893 1028 955 per·

20 946 27 963 ’
86 973 165 1018 wate
177 976 233 1050 pro
247 965 329 1016 certo
342 957 440 1035 pretio
453 957 490 1015 ad
504 967 623 1036 tempor
635 956 840 1016 concedendis.

126 1036 187 1110 Qun
202 1036 254 1094 dat
266 1035 395 1115 pretinm
409 1036 571 1096 conductor
589 1036 661 1096 item
678 1035 848 1110 locatariue,
870 1033 950 1095 ulter
962 1033 1028 1093 'veri
1067 1027 1072 1062 '¹

84 1113 200 1176 locator
211 1124 406 1194 nuncupator.
1070 1130 1072 1135 ⁴

127 1195 423 1254 Lomtioconductio
436 1192 937 1274 affiniaeetemptioni·venditionir
957 1189 1028 1252 unde
1057 1160 1072 1218 i

86 1292 153 1355 quer
167 1274 205 1334 de
218 1274 551 1353 emptione-venditione
565 1275 645 1335 dicta
658 1285 735 1344 aunt,
753 1274 803 1332 iric
815 1274 846 1332 in
861 1271 1027 1332 memoria
1056 1257 1072 1296 ω

86 1363 158 1413 runt
176 1354 357 1422 revocanda3
377 1353 478 1429 differt
491 1365 589 1415 tamen
603 1353 641 1412 ab
656 1353 699 1426 ea,
720 1353 800 1433 quod
820 1352 852 1410 in
875 1350 1026 1410 locatione
1054 1395 1072 1454 h

86 1433 280 1492 conductione
304 1452 361 1492 uon
383 1433 562 1493 transfertur
575 1434 619 1493 rei
642 1433 762 1494 olomeo
784 1429 1024 1501 dominemur

82 1511 166 1572 aolus
179 1532 250 1572 uuor
263 1512 310 1571 rel
323 1513 454 1572 metue:
473 1513 553 1574 unde
566 1511 730 1594 periomm
750 1513 795 1571 rei
814 1510 922 1572 locate
929 1519 1023 1570 manet

85 1609 177 1671 perrea
191 1593 362 1652 locatorem.

127 1671 269 1746 Quonam
283 1682 353 1730 eunt
368 1670 741 1750 obligationeelocntoriei

127 1752 170 1811 11.
191 1752 229 1812 R.
252 1753 298 1811 10.
318 1752 452 1811 Tenetur
464 1770 528 1811 rem
541 1753 589 1812 rel
610 1768 715 1846 operer
733 1750 846 1810 locatas
860 1746 1022 1808 conducturi

83 1840 243 1912 preatarer
264 1831 344 1890 unde
366 1841 491 1910 peccant
503 1843 606 1894 eontra
622 1830 770 1912 justitiam
792 1828 924 1910 operarii
939 1837 971 1888 et
987 1826 1023 1887 la·
1058 1889 1072 1919 r

83 1910 161 1971 muli
173 1909 299 1971 merltrlm
313 1911 508 1990 negligenter.
1050 1920 1058 1947 ⁵

126 1994 174 2050 2⁰.
195 1992 329 2052 Tenetur
342 1991 380 2049 ad
400 2009 544 2069 expensae
567 1988 747 2061 necessariae
764 2007 819 2069 pro
832 1984 1023 2069 reparatione,
1063 2048 1072 2057 ,

87 2069 218 2130 utilitate
232 2081 263 2129 et
276 2091 331 2128 usu
345 2071 388 2128 rei
403 2070 533 2130 elocetae.
1064 2060 1072 2085 ⁵

126 2152 174 2208 30.
196 2149 329 2209 Tenetur
342 2149 379 2208 ad
394 2169 485 2208 onera
505 2159 536 2209 et
557 2149 671 2209 tributa
693 2149 737 2208 rei
760 2147 864 2208 lomene
882 2144 1024 2226 imponite,

84 2229 144 2290 nisi
158 2228 245 2288 aliter
258 2240 436 2288 conventum
458 2229 508 2300 ait,
532 2229 579 2290 vel
603 2229 690 2288 aliter
703 2226 812 2288 habeat
830 2227 889 2287 loci
909 2246 1024 2287 conane-

83 2308 170 2448 ppudo,
178 2320 244 2446 bent
256 2329 306 2368 res
318 2308 415 2368 locata
433 2309 474 2368 eit
491 2310 645 2389 frugifera,
670 2319 702 2368 et
715 2327 806 2368 onera
819 2306 961 2388 imposita
972 2306 1026 2366 rint

136 2389 175 2447 eti
197 2408 241 2448 ne.

125 2471 175 2528 4⁰.
196 2469 330 2528 Tenetur
342 2467 495 2527 remittere
509 2469 679 2546 poncionem
715 2486 749 2525 ro
763 2484 799 2525 eo
812 2476 960 2544 tempore,
973 2482 1027 2544 qne

85 2547 201 2607 stactae
216 2547 261 2606 vel
277 2566 346 2606 oens
368 2547 412 2606 rei
435 2546 555 2607 elocatae
575 2557 670 2607 cessat
682 2486 892 2628 eisque-culpa
905 2545 1027 2603 eonduc-
1069 2576 1072 2601 ι

84 2627 172 2764 ἷὸὶἰι,
196 2627 253 2685 uiri
276 2627 383 2686 iterum
408 2627 591 2687 consuetudo
611 2627 669 2686 loci
693 2637 745 2685 ant
768 2624 928 2685 conventio
950 2622 1028 2687 aliut
1069 2630 1072 2635 '

108 2716 203 2765 neat.
653 2712 660 2721 '

128 2784 272 2844 Similiter
294 2793 416 2862 propter
439 2785 626 2844 sterilitatem
647 2802 783 2863 magnam
802 2783 877 2842 vitio
897 2782 946 2841 rei
967 2781 1027 2840 eine

85 2862 173 2942 culpe
186 2862 291 2932 coloni,
313 2882 365 2922 aen
379 2882 447 2922 caen
460 2864 587 2942 fortuito
600 2876 651 2923 ent
664 2865 694 2922 vi
712 2863 907 2942 tempestatis,
930 2861 1028 2919 hostili

87 2941 325 3021 depopulatione,
350 2944 401 3001 &n
415 2944 646 3022 contingentem,
668 2963 722 3022 pro
736 2954 800 3001 rata
814 2941 950 3000 remireio
998 2959 1028 2997 n·

87 3019 179 3081 rionis
191 3021 325 3080 facienda
347 3031 401 3091 eet,
423 3022 480 3080 nisi
504 3023 640 3083 ubertate
660 3022 853 3101 praecedentia
866 3021 916 3080 rel
929 3022 966 3079 ati
987 3038 1028 3078 se·

87 3101 205 3180 quentia
219 3101 287 3159 anni
302 3100 398 3160 valent
412 3100 552 3160 eterilitae
566 3103 760 3181 compensari.

126 3182 175 3239 5⁹.
195 3181 329 3240 Tenetur
342 3181 457 3258 aperire
476 3181 590 3240 occulta
604 3193 635 3240 et
647 3182 751 3239 nocive
764 3179 837 3239 vitia
850 3179 894 3238 rei
908 3178 1026 3238 locate:

86 3259 145 3319 alio
166 3261 215 3319 uin
231 3259 254 3318 ei
266 3258 341 3317 celet
352 3270 403 3318 ant
413 3261 549 3329 occultat,
563 3271 681 3320 tenetur
691 3277 829 3338 reparare
838 3259 947 3319 (lamna
960 3258 1026 3318 iude

87 3282 260 3400 coniectori
274 3338 462 3398 obvenientia
471 3340 560 3417 juxta
573 3341 604 3400 N
607 3352 664 3399 um.
678 3341 725 3398 34.
984 3367 985 3370 ¹

126 3421 175 3478 6⁰.
196 3420 329 3479 Tenetur
347 3437 401 3497 per
415 3438 446 3477 ee
460 3419 608 3497 loquendo
621 3438 683 3477 rem
694 3438 756 3478 non
770 3417 868 3477 locere
887 3416 957 3488 illia,
977 3417 1026 3494 qui

87 3497 256 3637 §geberoni
270 3507 338 3557 sunt
357 3497 396 3557 ad
414 3509 568 3578 peceatum
588 3499 780 3559 conformiter
792 3497 924 3558 ad=dinte
937 3494 1026 3558 Num.
1070 3530 1072 3535 ·
