2160 4034
60 172 122 233 22⁰
383 195 389 207 ·
449 182 636 227 reserares

63 295 112 355 84.
126 293 157 351 in
171 287 270 352 Excd.
283 288 419 351 dicente:
440 297 459 328 “
471 288 656 368 Intelligitur
668 306 743 368 ergo
754 296 828 349 tunc
845 306 905 349 uon
925 306 978 370 per

63 381 83 412 “
96 391 170 432 nere
197 370 236 431 ad
265 368 468 438 homicidium,
497 368 522 427 si
542 369 592 429 fur
611 378 775 428 nocturnus
795 368 965 439 occidatur3

64 460 83 491 “
97 461 196 511 autem
221 449 355 519 diurnus,
379 449 549 527 pertinere;
577 448 648 528 quia
670 449 697 508 ai
720 449 836 509 oriatur
858 448 904 508 sol
929 469 978 529 sup

64 541 83 570 “
98 550 176 600 eum,
190 537 310 609 poterat
323 527 461 600 discerni,
482 527 562 610 qudd
575 526 614 588 ad
625 526 795 600 furandum,
815 547 877 588 uon
890 528 929 588 ad
943 546 978 590 oc

63 620 83 650 “
98 609 229 671 dandum
244 607 401 668 venisset.”
629 631 630 634 ¹
791 648 795 656 ·

103 692 218 769 Legem
239 697 338 747 autem
358 687 440 746 illam
453 704 514 746 non
527 685 638 748 dehere
652 684 785 764 judicari
803 686 978 765 “judiciale

4 793 13 808 ‘
62 771 191 840 tantdm,
204 777 288 847 patet
298 784 337 826 ex
346 787 391 839 eo,
406 765 485 848 qndd
495 775 598 825 textus
610 766 640 827 S·
650 765 701 825 Au
724 765 858 827 ‚relatas
868 767 909 826 sit
918 767 978 830 ind

66 848 247 910 Canonicnm
267 846 327 926 leg.
341 848 369 904 5.
385 847 433 904 tit.
450 847 496 904 12.
516 865 579 924 cap.
593 848 622 904 3.
642 786 723 926 quod
736 844 788 924 jus
812 846 978 926 principalit

64 928 296 1007 spectatiorem
318 925 514 987 conscientiae.
555 925 682 1004 Insuper
695 926 782 996 ratio,
803 945 894 1004 qnam
915 926 969 986 dat

65 1009 148 1086 Aug.
161 1007 276 1086 petitur
289 1027 329 1067 ex
346 1016 453 1065 natura
465 1005 528 1065 reic
547 1003 628 1064 uude
647 1004 698 1064 lex
716 1003 768 1064 illa
784 1005 888 1064 Exodi
907 1016 977 1084 part

65 1087 210 1146 naturalis
224 1095 298 1158 erat,
312 1085 427 1146 dictans
440 1085 530 1145 talem
544 1104 603 1144 non
619 1103 684 1144 csse
697 1103 781 1144 reum
797 1083 962 1145 homicidii.

104 1167 162 1229 vl.
184 1166 395 1227 Procerum.
410 1184 450 1224 ex
471 1162 658 1224 catechismo
680 1163 827 1234 Romano,
852 1167 905 1245 qai
926 1184 978 1246 erm

65 1242 978 1394 ttttttt‘thssdttstitt&.h.i“itt.².{{.⁵ht.¹.⁸.:

66 1414 84 1444 “
101 1396 287 1464 interemerit
300 1402 438 1474 alterum,
453 1403 508 1462 hhc
522 1403 591 1480 lege
608 1421 668 1461 non
682 1402 779 1461 teneri
793 1404 867 1461 satis
880 1404 978 1482 patet*

106 1484 181 1546 VII.
203 1483 354 1543 Probatur
367 1485 416 1541 3⁰.
431 1482 568 1542 Clemens
583 1482 622 1542 V.
635 1481 695 1561 leg.
709 1483 738 1540 5.
751 1482 799 1541 tit.
811 1484 840 1541 4.
854 1503 920 1561 cap.
933 1483 978 1542 nui

67 1564 160 1625 dicit:
187 1563 255 1623 “Si
274 1562 415 1633 furiosus,
435 1572 487 1621 aut
506 1561 604 1621 inians
623 1581 677 1621 seu
697 1560 848 1621 dormiens
868 1562 978 1624 homim

67 1653 86 1683 “
101 1643 221 1704 mutilet
233 1641 282 1701 vel
303 1641 427 1712 occidat,
448 1641 558 1700 nullam
574 1660 612 1700 ex
631 1639 687 1700 hoc
705 1640 957 1719 irregularitatem
974 1645 978 1701 i

68 1732 86 1761 “
100 1722 203 1794 currit,
217 1732 249 1783 et
262 1721 342 1782 idem
355 1739 510 1781 censemus
524 1720 562 1781 de
575 1719 638 1792 illo,
651 1721 703 1799 qui
716 1730 844 1780 mortem
859 1721 949 1781 aliter
960 1741 978 1783 e'

67 1811 86 1840 ‘⁴
101 1814 167 1862 tare
180 1822 240 1861 non
254 1801 365 1871 valens,
387 1821 471 1861 suum
493 1799 602 1860 occidit
615 1800 664 1860 vel
676 1799 795 1859 mutilat
815 1801 978 1861 invasorem

67 1883 150 1961 atqui
161 1881 323 1941 secundum
334 1889 511 1959 praesentem
521 1879 599 1958 juris
613 1879 838 1960 dispositionem
850 1881 950 1940 omnia
959 1901 978 1940 o:

66 1962 139 2021 nino
153 1959 313 2020 homicidia
332 1958 537 2038 peccaminosa
555 1958 667 2020 habant
686 1979 832 2021 annexam
847 1959 978 2040 irregula

68 2049 179 2100 tatemz
200 2058 283 2117 ergo,
297 2045 348 2098 &c

109 2112 203 2182 VIII.
224 2117 374 2179 Probatur
387 2119 436 2177 4⁰.
450 2136 489 2177 ex
502 2117 667 2178 rationibus
683 2118 714 2178 S.
724 2118 848 2180 Thomae
859 2140 888 2199 q.
902 2122 951 2179 64.
964 2139 978 2181 a

70 2203 98 2258 7.
112 2217 237 2279 quarum
257 2197 355 2278 prima
374 2208 430 2268 est,
451 2198 530 2280 qudd
552 2197 903 2336 secundumdiuraliceat
917 2201 977 2259 vim

68 2279 232 2358 repellere:
253 2276 392 2349 secunda,
410 2278 482 2357 quia
494 2297 549 2357 per
563 2296 595 2337 se
604 2278 713 2356 loquer
737 2297 755 2336 c
769 2288 801 2338 et
814 2278 931 2339 catoris
944 2299 978 2358 pa

69 2357 134 2430 hus,
158 2368 279 2418 tenetur
301 2357 392 2417 homo
412 2356 480 2435 plus
499 2356 659 2437 providere
680 2357 749 2416 vita
770 2359 909 2438 propriae,
934 2378 978 2440 qm

70 2438 192 2498 alienas
211 2436 303 2499 tertia
316 2447 348 2496 et
360 2437 509 2517 praecipua
519 2437 596 2497 ratio
610 2447 665 2506 est,
679 2437 750 2515 quia
760 2438 867 2498 occisio
877 2439 978 2499 invaso

70 2519 100 2576 in
115 2538 184 2577 casu
203 2536 263 2577 nou
280 2526 327 2577 est
339 2515 516 2588 voluntaria,
539 2536 575 2577 ec
595 2517 675 2598 quod
696 2517 736 2576 sit
753 2528 864 2596 praeter
879 2518 978 2578 intent

71 2618 158 2659 nem:
179 2597 245 2657 edm
260 2597 339 2657 enim
357 2616 397 2655 ex
418 2595 471 2655 tali
493 2596 666 2657 defensioue
687 2616 772 2675 aeqne
792 2597 965 2657 immediate

91 2688 179 2736 natur
191 2677 314 2755 propria
327 2676 522 2746 conservatio,
537 2695 572 2735 ac
584 2694 665 2736 mora
679 2677 832 2748 invasoris,
846 2677 919 2737 licet
932 2696 966 2737 se

70 2698 233 2816 defendere
247 2754 430 2815 intendendo
448 2754 588 2816 effectum
609 2755 727 2826 bonum,
752 2765 783 2815 et
802 2775 835 2816 se
848 2757 977 2835 per-miss

72 2833 209 2895 habendo
223 2834 260 2895 ad
275 2834 415 2895 effectum
427 2834 547 2895 malum

159 3035 201 3094 N.
224 3037 290 3094 126.
333 3034 603 3099 SOLVUNTUR
625 3035 940 3099 OBJECTIONES.

115 3157 207 3219 OBJ.
229 3155 255 3216 l.
275 3157 343 3216 Lex
356 3167 375 3197 ‘⁴
386 3179 445 3218 non
459 3158 593 3218 occides’'
606 3168 653 3218 est
668 3157 825 3237 generalis,
846 3177 902 3218 nec
915 3158 978 3238 legi

72 3238 157 3297 Deua
171 3255 271 3313 casum
286 3237 363 3296 hanc
376 3237 414 3298 de
425 3237 586 3301 occidendo
596 3239 733 3298 invasore
747 3238 919 3318 excepisse:
940 3258 978 3317 en

72 3320 124 3379 dtu.

114 3398 152 3458 R.
166 3395 314 3474 Neganda
325 3415 443 3477 conseq.
454 3397 525 3475 quia
534 3395 582 3455 hic
596 3416 680 3457 casus
693 3397 876 3458 defensionis
884 3418 944 3458 non
955 3419 978 3476 c,

72 3472 181 3554 excipi,
201 3477 238 3535 ed
252 3474 331 3557 qndd
349 3474 402 3535 illa
414 3475 481 3554 lege
495 3497 555 3538 noa
569 3477 854 3556 comprehendatur:
875 3478 927 3559 qui
946 3498 978 3540 eu

72 3555 275 3616 moderamine
285 3564 404 3615 servato
415 3575 448 3614 sc
458 3556 601 3626 defendit,
615 3556 687 3616 licet
696 3556 811 3617 occidat
842 3557 978 3634 hysice,r

72 3645 172 3695 mmen
186 3634 296 3696 occidit
308 3634 478 3696 moraliter:
499 3637 635 3697 occidere
648 3637 728 3701 enim
741 3577 896 3697 morniiter
913 3637 976 3717 imp

72 3714 262 3796 autaliquem
275 3714 294 3777 d
307 3714 536 3791 mediotoilcre‚
551 3715 733 3780 intendendo
747 3715 814 3795 ejus
823 3724 963 3779 mortem.
