2160 4034
289 201 332 243 nu
353 196 591 242 cournaorraus
612 196 647 242 m
668 199 784 243 sauma.
952 186 1012 246 ³81

68 307 189 367 suarius
210 308 387 384 extinguere
410 315 510 385 potest
532 324 586 384 per
598 305 778 366 refusionem
796 308 921 383 mmmm
940 309 1019 387 capi·

67 388 158 456 talis;
178 397 209 446 et
222 387 390 463 hujusmodi
412 406 477 445 ease
497 385 608 445 debent
627 405 729 445 omues
747 404 852 445 census
864 387 1019 465 consigua-

66 467 136 537 aivi,
159 467 210 544 qui
225 465 384 524 hodiedum
400 467 428 524 in
445 465 552 544 Belgio
566 476 720 524 creanturr
740 465 801 524 imo
825 484 929 524 census
949 486 1019 525 conb

69 547 212 624 signativi
234 544 451 614 irredimiblles‚
476 545 501 603 si
524 544 699 613 vendantur,
728 554 827 622 potest
849 546 1019 605 censuarios

68 626 175 685 eodem
191 626 288 703 pretio
300 624 453 684 retrahere
463 625 653 702 emptionem,
666 624 746 704 quod
759 621 899 683 flandrice
910 625 1020 684 dieitur

72 705 266 780 Colenpieren,
290 704 396 780 gallice
409 714 504 762 mettre
515 705 535 761 d
548 703 691 772 lamando,
716 714 749 761 ut
762 713 845 781 patet
858 723 898 761 ex
918 704 1018 764 edicte

63 783 172 843 -Ooroli
187 783 225 843 V.
240 782 287 841 die
302 786 338 840 21
355 781 510 842 Februarii
525 782 595 841 anni
612 784 697 840 1528.

110 863 162 920 An
182 872 281 920 autem
302 882 415 932 census,
437 862 601 941 praesertim
619 861 815 931 frumentarii,
836 861 1019 922 redimibiles

68 942 131 1000 nint
144 960 199 1000 uec
213 961 258 1010 ne,
280 960 320 999 ex
339 939 601 1000 consuetudinibus
619 939 753 999 locorum
767 942 906 1019 cognosci
920 941 1019 1002 debet.

71 1021 193 1080 Consuli
209 1022 297 1079 etiam
313 1031 412 1099 potest
427 1021 603 1080 Stookmuua
615 1021 751 1078 monnone
764 1022 811 1078 71.

110 1101 225 1159 Census
246 1099 422 1159 redimibilis
435 1099 473 1158 ad
493 1110 598 1168 nutum
618 1099 762 1177 emptoris
782 1099 1017 1170 concumulata,

70 1178 181 1237 dicitur
194 1179 254 1249 ille,
279 1178 347 1237 dum
363 1181 510 1238 censuista
529 1198 636 1255 cogere
656 1189 756 1256 potest
769 1180 964 1251 censuarium,
984 1191 1019 1238 ut

68 1277 214 1316 summam
230 1259 384 1334 capitalem
400 1258 537 1317 refundat
551 1260 577 1316 a
591 1277 711 1318 censum
725 1257 891 1336 extinguat.
964 1296 971 1309 ι

111 1337 271 1415 Utrimque
285 1337 459 1396 redimibilia
476 1348 532 1407 est,
554 1337 624 1396 ditm
644 1338 815 1396 censuarios
828 1348 927 1415 potest
940 1355 1019 1396 sum·

66 1434 148 1474 mam
170 1417 325 1493 capitalem
340 1419 493 1476 censuistne
514 1417 650 1486 reddere,
674 1427 705 1474 et
724 1415 853 1476 vicissim
871 1417 1019 1476 censuista

67 1507 172 1572 potest
185 1497 370 1581 censuarium
385 1496 422 1553 ad
436 1495 621 1555 reddendum
635 1515 753 1573 cogere.

111 1575 193 1648 Quid
207 1585 253 1633 est
267 1594 371 1633 census
384 1574 609 1635 irredimibilis?

111 1654 150 1713 R.
165 1655 222 1713 Est
232 1652 291 1722 ille,
303 1656 352 1733 qui
364 1654 549 1713 refundendo
560 1673 702 1713 summam
715 1653 869 1732 capitalem
880 1653 1017 1731 extingui

66 1752 128 1791 nou
144 1744 252 1810 potent,
267 1735 322 1791 nisi
334 1734 371 1793 de
385 1736 530 1792 consensu
543 1735 707 1793 censuietoe.
746 1733 928 1812 Hujusmodi
939 1752 1017 1792 com·

66 1813 202 1873 munitor
215 1823 284 1893 sunt
297 1832 400 1873 census
417 1812 603 1872 reservativi.
822 1840 825 1845 ·

191 2051 251 2110 No.
271 2054 319 2110 56.
353 2051 416 2110 AN
438 2048 602 2111 cuNsus
624 2051 694 2114 Sl'l'
714 2051 898 2112 LlClTUS.
1011 2142 1019 2165 Ι

377 2211 402 2269 l.
427 2210 535 2270 Census
553 2220 593 2271 est
611 2210 714 2269 licitum.

113 2368 139 2426 Ι.
159 2368 279 2429 RESP.
301 2368 496 2438 Affirmatlve,
511 2368 574 2426 nive
588 2367 627 2426 ait
640 2386 745 2426 census
758 2367 855 2437 realis,
874 2369 938 2427 sive
951 2387 1018 2447 per·

70 2447 191 2516 nonalis,
206 2449 268 2506 sive
283 2448 403 2518 mixtur,
419 2448 482 2505 sive
496 2457 667 2525 perpetuus,
687 2447 748 2505 sive
764 2446 946 2524 temporalis.

110 2525 277 2586 Probatur:
299 2528 329 2584 in
343 2546 433 2586 ceusu
447 2527 556 2585 emitur
572 2526 623 2602 jue
643 2525 825 2604 percipiendi
843 2528 1015 2604 pensionem

69 2626 108 2664 ex
123 2627 156 2664 re
170 2607 217 2664 vel
232 2626 359 2685 persona
372 2607 495 2665 alterius
515 2606 582 2664 utili
595 2605 643 2664 rel
656 2605 818 2683 frugifera:
839 2607 922 2683 atqui
943 2605 1016 2664 illud

65 2686 117 2763 jus
132 2695 177 2745 est
192 2687 288 2764 pretio
302 2685 484 2755 aestimabile,
505 2705 588 2765 eque
601 2704 636 2743 ac
644 2684 695 2762 jus
707 2684 891 2763 percipiendi
903 2684 1018 2743 fructus

70 2784 111 2823 ex
130 2765 230 2844 aliquo
251 2785 341 2842 agro:
363 2784 435 2844 ergo
459 2776 627 2824 contractus
650 2763 795 2823 cousualis
817 2783 900 2845 mque
920 2763 1019 2824 licitus

70 2856 126 2913 est,
140 2864 175 2903 ac
189 2847 300 2923 emptio
314 2845 388 2922 agri.

112 2925 263 2984 Praeterea
276 2944 379 2983 census
394 2944 453 2983 non
474 2935 521 2983 est
538 2923 657 2982 illicitus
676 2921 746 3002 jure
759 2922 839 2981 civili
853 2922 901 2982 vel
917 2922 1019 2983 Eccle-

70 3004 201 3062 siastico.

112 3082 202 3141 Bulla
217 3083 263 3141 Pii
274 3083 313 3143 V.
323 3082 441 3163 quidem
456 3083 595 3161 prohibet
605 3103 710 3143 cousus
720 3084 889 3161 personales
899 3092 931 3142 et
941 3082 1017 3141 mix-

70 3171 135 3221 tos:
157 3162 212 3220 sed·
224 3162 285 3221 hac
299 3163 328 3220 in
345 3163 452 3241 Belgio
466 3173 587 3240 recepta
599 3182 660 3222 non
683 3175 739 3234 cat,
762 3173 798 3221 ut
821 3163 929 3222 docent
943 3163 1017 3220 laea·

70 3241 142 3310 aius,
159 3242 304 3300 Daelmau
318 3241 437 3320 aliique.
552 3282 553 3287 κ
939 3288 943 3295 .

114 3319 186 3399 obj.
210 3321 233 3380 l.
255 3322 389 3379 Persona
412 3341 502 3380 censu
524 3333 648 3399 gravata
672 3341 730 3381 nou
754 3333 801 3381 est
824 3321 924 3381 utilis:
945 3339 1019 3398 erge

70 3420 162 3539 ⁸¹¹3?
174 3420 244 3538 tt
256 3399 1003 3560 ³‘llll³³132liliillllllllllqlllllliltn

68 3559 144 3617 tiam
158 3559 353 3628 considerata,
375 3560 504 3619 concedo
524 3570 585 3618 aut.
598 3580 656 3618 non
679 3571 725 3620 ant
745 3560 826 3618 utilis
846 3558 960 3617 ratione
974 3560 1023 3617 sui

70 3637 192 3711 laboris,
207 3638 369 3713 industrie,
383 3640 545 3701 aliorumve
559 3650 766 3719 proventuum,
782 3658 858 3717 nego
872 3650 967 3698 antec.
