2160 4034
320 186 365 228 nu
384 184 467 229 sunu
485 185 528 226 ur
547 184 704 229 suerrum.
957 171 992 232 15

79 291 239 350 Bonorum
250 291 480 351 castrensium&
494 290 785 370 qussi-cestrensium
798 289 993 352 filii-familias

49 368 153 429 iubent
168 369 333 429 dominium
347 370 503 437 directum,
518 370 605 429 simul
618 377 644 430 ἂ
657 371 741 442 utile,
755 390 807 430 seu
821 370 941 449 plenum
952 391 992 432 ex

49 450 242 528 dispositione
253 450 355 528 legum
366 471 375 508 s
389 449 468 509 unde
478 462 602 527 possunt
611 451 674 509 sine
688 469 833 509 consensu
847 450 941 528 petris
952 450 990 509 de

49 528 101 587 tiis
114 527 264 589 arbitratu
279 550 332 589 suo
357 529 515 608 disponere
528 528 583 607 per
604 539 782 599 contractus,
804 529 989 601 donationes

49 609 102 669 imd
115 628 173 687 per
194 619 416 681 testamentum,
437 608 462 667 ei
476 607 691 688 compleverint
711 628 820 668 aunum
844 608 990 668 decimum

63 699 194 746 uertum.

49 708 64 766 q
82 767 121 827 V.
143 766 324 826 Adveetitie
337 777 416 836 sunt,
436 786 502 845 quse
515 787 612 844 neque
626 786 665 826 ex
680 766 741 826 ullo
755 766 859 825 milites
871 785 992 902 ponere,

49 865 140 924 neque
149 846 169 904 d
177 857 264 923 petre
272 857 324 905 aut
333 846 426 926 patris
435 846 544 905 intuitu
552 847 614 905 filio
624 845 879 916 obveniunt,sedu
891 847 991 917 iunde,

49 946 71 983 r.
79 946 109 1003 g.
118 945 161 985 ex
171 927 358 985 successione
367 936 508 995 materne,
516 925 632 984 liberali
641 926 810 994 donatione,
822 926 993 984 inventione

49 1004 187 1075 thesauri,
196 1019 198 1024 ·
208 1011 261 1065 &c
275 1006 382 1064 horum
401 1003 546 1065 bonorum
559 1004 753 1064 filii-familias
775 1004 884 1063 hebent
897 1003 992 1062 domi·

51 1086 122 1142 nium
139 1083 299 1156 directum,
325 1095 410 1163 peter
423 1094 522 1143 eutem
537 1084 752 1144 usumfructum
766 1091 791 1143 δι
805 1084 991 1143 administra·

51 1163 167 1222 tionem.

82 1242 140 1303 Vl.
164 1241 428 1312 Profectitiesunt,
442 1262 508 1321 quae
518 1242 580 1303 filio
591 1243 754 1303 obveniunt
763 1242 811 1302 vel
821 1245 840 1302 is
849 1251 974 1320 putrere

53 1322 154 1378 intuitu
179 1322 278 1398 petris
298 1321 510 1399 principaliter,
532 1343 560 1380 v.
573 1342 602 1400 g.
616 1322 653 1381 eb
667 1323 762 1382 emico
776 1322 869 1401 petris
883 1321 930 1380 rel
943 1338 985 1385 cu

52 1412 126 1478 peter
141 1400 351 1460 benefecerct:
365 1401 470 1459 horum
479 1401 624 1460 bonorum
635 1421 689 1460 neo
699 1402 845 1462 directum
855 1420 910 1460 nec
920 1402 993 1460 utile

53 1479 212 1539 dominium
226 1479 317 1539 hebet
329 1479 417 1550 filius,
438 1480 490 1538 sed
504 1491 600 1539 totum
615 1492 661 1539 est
674 1483 776 1559 petris.

80 1559 205 1617 Dentur
220 1567 319 1618 tamen
334 1559 527 1637 eliquicosus,
548 1559 579 1618 in
594 1560 701 1638 quibus
711 1559 929 1619 filius-familias
940 1557 991 1618 bo·

49 1640 141 1698 iorum
149 1638 390 1697 adventitiorum
398 1637 513 1698 obtinet
523 1639 685 1697 dominium
696 1639 788 1699 utile:
805 1642 850 1697 10.
863 1639 896 1699 Si
906 1648 991 1716 peter

51 1716 261 1776 condonaverit
283 1718 508 1788 usumfructum,
529 1738 626 1796 neque
648 1729 748 1796 potest
771 1719 833 1777 haec
855 1718 991 1778 remissio

49 1797 174 1856 revocari
191 1807 227 1854 ut
242 1797 411 1866 inofficiose,
432 1796 603 1863 necdeduci
617 1797 655 1857 sb
666 1798 839 1857 haereditete
849 1796 913 1856 filii.

76 1878 124 1934 2⁰.
147 1876 183 1936 Si
199 1875 315 1954 aliquid
329 1875 417 1935 detur
424 1875 485 1935 filiu
496 1876 533 1936 esi
544 1877 621 1956 lege,
636 1888 669 1936 ut
677 1888 763 1956 pater
774 1878 990 1937 usumfructum

49 1974 94 2014 non
115 1954 243 2015 hebent.
740 1976 743 1981 ¹

74 2037 123 2093 30.
148 2035 184 2094 Si
200 2034 264 2092 filio
279 2034 360 2094 solus
374 2034 558 2094 ususfructus
572 2035 693 2094 relictus
707 2037 755 2095 sit.

71 2115 122 2172 4⁰.
145 2115 180 2173 Si
199 2114 273 2192 quid
285 2114 431 2184 relictum,
446 2126 531 2192 petre
545 2116 774 2174 contradicente.

64 2196 122 2285 050.
145 2194 181 2253 Si
199 2192 279 2251 tilius
289 2197 348 2253 une
361 2214 426 2253 cum
441 2204 526 2271 petre
546 2195 685 2254 succedat
697 2196 728 2252 in
743 2194 915 2257 hereditate
928 2195 987 2253 fra·

49 2292 88 2330 ris
102 2284 158 2330 eut
174 2273 299 2331 sororis.

72 2355 123 2410 6⁰.
147 2352 182 2411 si
195 2362 282 2429 peter
295 2352 347 2410 fiet
360 2351 525 2412 hereticus.
547 2353 671 2412 Mortuis
682 2363 775 2411 matre
784 2361 853 2410 ente
863 2361 988 2429 petrem,

49 2432 135 2509 nquit
145 2432 285 2500 Lessius,
299 2431 378 2490 bone
387 2444 521 2490 materna
531 2443 599 2490 sunt
610 2432 772 2493 adventitio
782 2431 843 2488 filio
852 2443 989 2508 respectu

49 2511 147 2579 utris3
170 2530 232 2568 non
248 2522 347 2568 tamen
362 2510 386 2570 si
401 2521 486 2589 pater
505 2511 721 2589 preemorietur,
746 2509 810 2588 ejus
824 2509 901 2569 bone
921 2521 989 2568 sunt

49 2589 209 2648 dveutitie
233 2589 296 2649 filie
317 2601 454 2667 respectu
476 2591 599 2658 metris;
619 2590 758 2669 quiahoc
777 2591 828 2667 jus
842 2589 938 2647 oritur
951 2610 991 2648 ex

49 2671 133 2727 utria
148 2679 313 2746 potestate,
335 2689 422 2746 quem
437 2690 493 2727 non
515 2669 625 2730 hebent
650 2680 759 2738 matres
784 2670 812 2726 in
828 2668 903 2726 filies
919 2668 989 2746 jure

49 2749 385 2826 cilicetRomuno,quia
395 2758 571 2826 potestatem
584 2749 739 2826 quemdem
752 2748 854 2825 petriae
863 2748 989 2807 similem

49 2846 116 2904 eges
131 2826 242 2904 Belgii
254 2828 419 2886 concedunt
433 2828 575 2885 matribus
590 2828 687 2886 viduis
697 2837 834 2905 respectu
843 2827 991 2886 minoren·

48 2912 125 2975 rium,
141 2907 239 2964 modd
256 2907 392 2965 secundis
406 2907 517 2984 nuptiis
527 2905 702 2977 obstineant,
718 2909 754 2966 de
769 2905 875 2984 quibus
886 2928 990 2966 consu·

49 2985 121 3044 ende
143 2998 218 3044 sunt
236 2987 307 3063 jure
330 2985 528 3063 municipalis,
551 2986 620 3063 quia
634 2997 681 3045 tot
702 2999 772 3046 sunt
794 2987 857 3045 ferd
872 2986 989 3046 diverse

49 3063 112 3135 iure,
135 3075 215 3142 quot
230 3065 399 3143 municipia.

77 3144 125 3201 An
141 3151 169 3203 δι
185 3144 275 3221 quale
289 3145 450 3207 dominium
473 3143 600 3203 habeant
624 3146 712 3215 servi,
741 3165 988 3222 supervacaneum

49 3234 82 3281 est
103 3225 273 3301 inquirere,
302 3223 367 3284 edm
383 3224 480 3303 patrie
500 3236 603 3286 nostre
627 3245 728 3285 servos
749 3245 811 3303 ‚non
824 3225 911 3298 feret,
939 3226 991 3286 sed

49 3300 178 3362 ,ibertete
192 3302 296 3362 donet.
