2160 4034
86 119 153 185 214
474 138 662 185 renouaret

82 249 552 461 suffimenti
560 238 1021 399 militnm

87 420 156 463 seon

122 478 361 543 VI-Similiterei
370 479 960 559 tymnnuuobnidenooidmtemminetm
966 498 1021 540 mn

80 559 214 621 totaliter
227 572 372 632 evertere,
386 560 443 621 niul
453 561 493 621 ud
505 561 602 639 iprum
611 561 749 621 mittatur
756 559 863 641 aliquis
871 559 1021 623 innocens:

79 638 235 701 rorolrunt
246 641 442 701 eommuniter
464 640 627 711 Anthemu,
645 640 726 722 quod
747 638 917 717 respublica
936 640 1021 718 poerit

81 717 180 797 ipeum
192 718 380 781 innoeentem
392 719 523 791 mittere,
543 720 605 781 imd
618 719 738 781 tradere
757 728 896 797 tyranno,
920 738 982 783 non
995 739 1021 779 ur

81 796 257 869 intentione,
269 808 305 859 ut
317 799 355 861 ub
368 819 407 859 eo
420 798 581 870 oeoidutur,
595 799 648 859 eod
661 817 701 859 ex
715 798 882 859 intentione
892 805 928 857 nt
936 799 1021 877 patri

81 874 244 937 libereturr
264 876 322 939 hoo
344 878 434 939 modo
450 889 582 939 'exuusnt
597 880 628 939 S.
643 878 775 939 Tbomue
799 877 963 947 Simonem,
984 897 1020 957 qn

82 955 159 1019 dune
171 956 249 1017 fullon
261 957 401 1019 Jonatbe
410 957 650 1037 miritTripboni
667 960 692 1015 l.
708 956 847 1019 Maohub.
858 976 924 1035 cap.
940 959 987 1017 ln.

122 1035 187 1095 lmd
200 1036 321 1097 videtur
330 1037 361 1095 in
376 1057 445 1101 earn
455 1036 506 1099 ille
515 1037 658 1099 iunonem
672 1036 821 1115 obligatus
833 1034 872 1095 ad
884 1054 1021 1113 exponen

80 1113 152 1175 dnm
165 1116 258 1177 vitam
279 1136 363 1177 uuum
376 1136 432 1196 pro
446 1115 524 1177 bono
538 1115 705 1184 eommnni;
724 1124 756 1175 et
774 1113 865 1197 juxta
887 1115 1021 1193 Daelmm

80 1212 150 1255 reue
163 1194 251 1257 fieret
263 1196 364 1273 gravio
376 1197 495 1275 pennati
504 1196 536 1257 in
549 1196 773 1275 rempublicam,
793 1194 818 1253 ui
831 1203 988 1257 recusaret
998 1214 1021 1259 n

82 1283 243 1351 tyrannum
258 1275 313 1335 ire.
996 1344 1001 1349 ,

121 1353 217 1413 Aliud
227 1354 347 1425 feretri
357 1353 558 1417 illeinnooenu
566 1354 649 1415 nullo
660 1352 749 1413 modo
758 1362 838 1413 emet
848 1350 989 1413 subditus
1001 1348 1021 1413 il

79 1433 139 1493 lino
147 1432 219 1502 looir
232 1433 466 1515 quiaextraneue
473 1453 529 1512 pro
537 1434 688 1512 republica
696 1433 794 1493 aliena
800 1430 1021 1495 mortemuubln

79 1532 141 1575 non
152 1520 282 1573 tenetur.
307 1513 418 1575 Portet
427 1524 528 1592 temen
537 1512 710 1592 ropetitur,
717 1512 807 1585 telem
814 1506 1021 1571 extranenmi

79 1591 421 1653 eruditionelatitantem
426 1592 605 1671 oompollere
613 1592 697 1653 exire
703 1612 769 1651 eum
777 1593 884 1651 mortio
888 1590 1021 1669 periculo

114 1668 1021 1752 obj.1.Exiuamusionerequirurmorsinnooennuerlibera

78 1749 122 1811 tio
132 1750 262 1811 eivitatie
272 1750 390 1813 nntnm
402 1771 442 1811 ox
452 1761 567 1813 memte
575 1751 728 1811 voluntate
738 1751 871 1828 tyranni:
887 1768 974 1828 ergo,
982 1750 1021 1811 &e

118 1830 160 1891 R.
170 1829 220 1889 Ex
233 1829 286 1889 ille
295 1829 435 1891 minoione
445 1839 573 1891 mortem
583 1830 750 1890 innocentio
759 1849 818 1888 non
829 1829 916 1909 nequi
927 1831 1021 1891 imme

80 1909 171 1979 diane,
181 1908 234 1969 sed
244 1928 284 1969 ux
294 1908 373 1971 mula
385 1907 541 1969 voluntate
550 1909 687 1988 tyranni:
707 1909 779 1967 dnm
791 1919 892 1967 autom
908 1900 1021 1969 effertur

79 1988 175 2047 malus
199 2008 258 2047 non
283 1989 429 2066 sequitur,
449 1988 508 2047 nisi
529 1988 669 2060 mediate,
685 2008 745 2047 non
763 1986 852 2047 debet
865 1986 964 2047 bonne
976 1988 1021 2048 niul

80 2067 211 2129 mediate
225 2067 319 2144 requi.
1012 2084 1015 2089 ·

115 2146 186 2225 obj.
198 2145 240 2205 11.
254 2145 326 2206 Non
335 2145 442 2207 lloerot
454 2145 486 2207 in
499 2166 568 2207 earu
578 2147 766 2207 innocentem
777 2144 899 2207 tradere
909 2144 1020 2219 bestiis,

79 2244 177 2303 noque
190 2223 307 2285 ondioee
320 2244 420 2285 eaoroe
432 2236 562 2304 tyranno
575 2226 793 2320 proferendos:
813 2244 897 2303 ergo,
910 2231 964 2285 διο.

117 2306 157 2365 R.
176 2304 324 2382 Negendo
344 2324 415 2365 eone
455 2305 636 2384 ,dirparrtae
650 2315 697 2367 eet
716 2325 771 2384 pro
813 2304 895 2375 riori,
916 2303 1021 2367 bertine

76 2383 254 2445 naturaliter
267 2387 373 2445 entire
385 2394 418 2447 et
452 2405 594 2455 everam
614 2386 711 2456 etita,
729 2385 780 2463 qui
791 2325 945 2444 bominem
965 2386 1021 2445 bee-

78 2464 129 2523 tiis
143 2461 296 2541 objioinnt,
316 2464 430 2526 direote
443 2464 528 2523 illum
541 2465 695 2525 ouoidnntr
715 2473 861 2543 tyrannm
875 2466 947 2527 verb
966 2466 1021 2545 ugit

77 2541 182 2614 libore,
196 2553 227 2603 et
241 2544 283 2603 itu
296 2546 370 2623 ipse,
385 2564 443 2604 non
457 2546 589 2615 mittens,
602 2544 716 2605 directe
731 2542 848 2603 oceidit

117 2623 179 2682 Pro
192 2624 323 2685 necundo
330 2624 488 2702 dispariter
497 2636 553 2695 eut,
567 2643 622 2702 per
631 2623 866 2701 profanationem
880 2620 1021 2683 librorum

78 2720 229 2763 euororum
242 2703 308 2763 fieri
320 2703 460 2781 injurium
474 2704 531 2781 ipsi
545 2702 613 2763 Deo
628 2705 654 2761 n
668 2702 829 2780 Religioni,
849 2722 915 2783 qum
929 2702 1021 2763 multd

74 2780 196 2857 gravior
209 2792 264 2850 ert,
285 2784 374 2861 qubm
387 2782 527 2876 quenlibet
540 2782 650 2861 injuria
662 2780 831 2861 reipublicae
850 2780 1021 2842 inferenda:

75 2858 183 2919 deinde
197 2860 312 2921 codices
326 2881 402 2921 mori
415 2872 484 2923 eunt
497 2860 612 2921 altioris
633 2862 756 2932 ordinis,
781 2880 836 2919 neo
850 2861 1021 2921 ordinantur

74 2939 112 2997 ad
120 2937 244 2997 relntem
256 2941 436 3017 reipublioae,
445 2940 498 3001 sed
506 2942 544 2999 ed
553 2941 678 3001 nalntem
689 2941 871 3001 animarum:
891 2940 1021 3001 membru

73 3026 172 3079 autem
192 3021 413 3111 communitatis
432 3020 659 3081 ordinantured
680 3021 806 3081 salutem
829 3018 1021 3101 temporalem

75 3099 303 3159 communitatis.

113 3176 270 3236 Accedunt
283 3178 313 3235 in
328 3178 582 3247 confirmationem
597 3177 733 3257 exempla
743 3178 826 3237 varia
840 3178 895 3239 SS.
906 3176 1021 3259 Marty·

70 3276 152 3329 rum,
161 3256 213 3337 qni
225 3258 302 3317 mori
311 3259 531 3337 preelegerent
542 3260 631 3337 quim
645 3257 761 3319 eodiees
780 3277 878 3333 eaeroe
902 3259 1021 3319 tradere

72 3335 103 3394 in
117 3356 221 3395 manus
235 3347 439 3416 tyrannorum,
455 3349 488 3398 ut
502 3338 604 3397 videre
619 3348 665 3397 est
680 3337 709 3396 in
721 3336 944 3416 Martyrologio
958 3336 1021 3399 Ro·

72 3435 171 3488 mano,
183 3416 233 3477 dio
246 3417 375 3479 necunde
389 3419 525 3479 ,Ianuarii
540 3427 572 3477 et
584 3416 740 3482 undecimi
753 3417 921 3477 Februarii.

109 3496 160 3556 ob
180 3495 304 3557 eandem
323 3498 469 3557 rationum
494 3508 626 3576 putatur,
654 3496 789 3555 illicitum
811 3517 876 3557 esse
896 3498 1021 3557 mittere

70 3584 199 3653 tyranno
208 3577 354 3654 virginem
365 3577 571 3656 stuprandum
591 3574 1021 3656 quiapudioitiavirginianon

64 3654 109 3717 ito
118 3654 272 3719 ordinatur
282 3657 539 3736 udrempnblieum
547 3654 839 3727 servandum,utvita
847 3654 1016 3719 innocentis

67 3732 190 3797 subditi.
211 3736 606 3817 Praetereaineneuvirginie
614 3747 659 3813 eet
688 3734 1019 3813 erioulumproximnm,

57 3833 98 3875 no
117 3812 242 3878 libidini
263 3818 442 3897 consentiat,
462 3816 551 3903 quule
570 3756 738 3899 perieulum
753 3832 818 3875 non
835 3825 883 3873 eet
899 3814 935 3872 in
951 3834 1021 3873 earu
