2182 4036
72 168 130 229 176
161 140 163 145 ’
458 177 645 224 raacraroa

75 283 155 347 dicta
168 281 318 346 ordinarii
330 281 425 362 magis
438 293 547 344 nocent
558 283 653 355 fame,
674 302 764 365 qoem
778 284 805 344 ti
820 283 951 345 delcetat

73 366 181 425 vitium
205 365 235 423 in
258 363 429 443 particulari
450 364 666 443 explicaretur;
685 365 756 444 quia
768 363 910 444 probent

74 443 242 524 suspicandi
277 461 468 526 quecumque
501 441 646 521 probrosa
668 441 758 503 obuia
784 442 816 502 in
843 444 933 525 parti'
976 448 980 453 '

75 545 201 607 quorum
216 523 296 582 forte
309 522 390 583 nulla
403 521 504 581 subeat
516 522 604 580 ratio.

67 626 93 653 ¹-
115 602 275 678 Quomodo
296 602 356 674 illa,
380 620 446 684 qum
459 611 529 661 nont
545 600 670 660 materia
690 600 896 676 detractionis,
915 600 950 663 da

67 702 141 746 ease
177 680 323 742 robroea?

114 703 208 824 lel.
229 760 268 820 R.
289 761 339 820 Ex
352 758 439 819 dictis
451 758 587 831 babetur,
608 759 689 842 qaod
703 759 916 845 monifeatatio·
955 761 962 777 '

73 843 121 901 nia
129 839 183 900 ,vel
197 839 332 899 defeetde
345 838 388 898 aie
401 837 509 898 debeat
522 857 587 898 esse
600 838 753 918 probrosa,
774 848 809 899 ut
829 838 909 901 bona
958 840 965 857 “

73 920 167 980 matio
182 919 220 979 de
234 919 287 978 tali
300 919 420 978 bomine
433 917 472 976 ait
485 927 556 977 nata
573 917 640 977 lodi
661 918 691 976 in
711 918 818 978 animia
831 918 959 981 audienti

115 999 239 1079 Exque
253 999 397 1080 requitur,
411 996 491 1078 quod
505 997 630 1058 materia
640 996 835 1057 detractioni·
846 998 951 1059 debeat

74 1077 238 1158 probrosa:
262 1079 307 1136 10.
329 1076 386 1149 lili,
408 1076 456 1136 cui
477 1076 654 1149 detrahitur,
673 1076 803 1137 reddens
821 1079 938 1138 eumin

75 1158 208 1218 mationa
221 1156 367 1216 viliorem.
814 1230 817 1235 Ι
980 1198 992 1209 ..

117 1237 177 1297 ΙΧ.
198 1239 246 1295 20.
267 1237 419 1316 Respecto
440 1234 568 1306 illorum,
589 1235 641 1318 qni
654 1234 873 1297 detractionem
981 1234 984 1239 ’

63 1318 119 1375 ¹ita
131 1327 166 1375 ut
179 1325 295 1375 motare
309 1325 379 1374 nata
392 1314 432 1374 sit
445 1313 553 1376 bonam
566 1315 802 1388 animationem,
816 1335 909 1399 qnam

76 1395 114 1455 de
128 1395 197 1455 alio.

116 1473 199 1613 Higc
218 1473 321 1535 rolens
337 1473 474 1555 judicare
487 1474 526 1535 de
544 1472 931 1553 gravitate-detmctionir,·-
988 1472 993 1479 ’

75 1563 252 1614 altenare:
621 1578 624 1583 ·

107 1633 159 1692 .X.
182 1635 227 1691 10.
248 1633 363 1693 Locum
375 1632 427 1693 ubi
441 1632 566 1703 dicitur-3
585 1634 655 1714 quia
669 1652 696 1692 r.
705 1651 736 1710 g.
750 1631 780 1690 in
796 1630 917 1693 Italiae
950 1630 958 1649 '

78 1723 125 1773 eet
137 1712 292 1790 probrosa,
306 1712 399 1772 libido
413 1730 473 1772 non
487 1713 577 1782 item;
590 1713 621 1770 in
635 1711 743 1790 Belgio
757 1711 997 1775 contrariom*

105 1795 164 1851 2⁰.
186 1791 394 1852 conditionem
415 1809 618 1870 personarum,
638 1801 701 1850 tam
720 1789 919 1862 detrahentia,

75 1870 165 1942 illius,
188 1871 235 1928 oui
249 1870 433 1938 detrahitur;
453 1870 524 1951 quia
536 1869 616 1962 quod
629 1870 681 1927 uni
694 1878 740 1928 eat
752 1867 973 1946 probrosum
1004 1870 1007 1875 ’

79 1948 242 2020 Sacerdoti,
255 1945 395 2019 Praelato,
409 1953 460 2006 &a
474 1966 534 2007 non
548 1958 591 2007 rta
603 1958 650 2007 eat
662 1956 801 2025 respectu
814 1947 1011 2028 altorioarffl.

77 2027 172 2096 Lami,
186 2036 238 2084 aot
248 2026 376 2085 hominis
387 2027 549 2086 communis
558 2027 656 2086 sortis.
699 2027 775 2086 ltem
789 2029 873 2107 quod
886 2028 1013 2089 aarum

76 2103 114 2163 ab
128 2125 197 2175 uno,
219 2106 270 2187 qui
283 2106 416 2164 noscitur
429 2106 567 2177 mendox,
587 2126 646 2166 non
666 2115 728 2164 tam
742 2105 872 2167 multdm
885 2106 966 2169 ladit
978 2106 1014 2167 la·

77 2203 166 2255 mam,
201 2204 268 2243 uam
282 2185 363 2265 qood
377 2185 520 2245 asseritur
533 2205 551 2244 a
563 2186 628 2245 viro
642 2185 736 2264 gravi.

117 2266 166 2323 80.
180 2206 332 2325 ‘dimiliter
343 2273 462 2343 oportet
474 2265 629 2324 attendere
642 2283 740 2324 mores
748 2266 1014 2344 comperiebam

78 2342 149 2402 ddm
164 2362 237 2424 quoa
251 2342 371 2425 aliquid,
386 2344 465 2444 quod
474 2343 538 2422 jam
553 2354 598 2403 est
611 2344 744 2423 graviter
757 2344 946 2422 probrorum,
957 2346 1014 2408 olim

77 2442 137 2481 nou
158 2423 217 2482 fuir
237 2423 306 2493 tale,
332 2422 379 2482 vel
393 2443 409 2481 e
424 2434 538 2482 contra.
578 2424 639 2483 Pro
663 2423 777 2483 caterio
798 2424 1014 2487 circumeunti·

80 2503 150 2561 vide
164 2502 244 2562 diota
257 2512 275 2541 “
287 2502 325 2562 de
340 2501 552 2562 Conmmeliis''
565 2502 657 2562 Num.
671 2505 720 2561 95.

85 2638 88 2643 ⁴
115 2584 249 2644 Joaunes
263 2581 402 2652 detrahit,
425 2592 456 2642 et
479 2585 603 2642 erronee
642 2591 708 2641 utnt
727 2601 793 2642 eree
810 2584 947 2662 graviter
959 2603 1014 2664 pro·

77 2660 211 2735 brosum,
233 2662 315 2743 quod
334 2661 530 2721 communiter
550 2672 581 2721 et
604 2600 641 2721 ab
662 2661 851 2723 audientibus
871 2674 1014 2745 reputator

77 2738 187 2800 leviter
200 2740 388 2819 probrorum,
401 2740 549 2822 quomodo
562 2743 688 2821 peccat?

120 2818 179 2879 XI.
194 2818 233 2879 R.
254 2821 363 2880 Pectat
373 2820 506 2898 graviter
516 2821 743 2881 exconacieotia
753 2841 890 2896 erronea,
904 2822 958 2884 aad
967 2841 1014 2882 non

79 2906 200 2957 tenetur
214 2897 267 2957 sub
281 2900 366 2977 gravi
380 2900 417 2958 ad
431 2900 661 2960 restitutionem.

117 2978 251 3038 Joannas
265 2978 404 3051 detrahit,
419 2987 450 3039 et
464 2981 527 3058 ipae
541 3000 608 3039 cnm
621 2979 807 3041 auditoribus
816 2983 901 3043 reotd
911 2981 1014 3062 judicat

77 3074 143 3114 esse
157 3067 271 3116 tautum
284 3057 392 3118 leviter
403 3060 587 3137 probrosum,
600 3060 681 3140 quod
690 3070 790 3120 tamen
801 3081 879 3121 unua
889 3062 938 3121 vel
950 3061 1014 3121 ulto

78 3135 198 3206 auditor
216 3156 255 3197 ex
266 3157 319 3197 sua
332 3138 520 3216 simplicitate
531 3149 565 3198 ut
572 3140 705 3217 graviter
714 3138 894 3219 probrosum
905 3140 1014 3221 accipit:

77 3216 227 3294 quomodo
241 3228 344 3294 peccat
357 3217 515 3278 Joannea?

117 3293 194 3355 XII.
215 3296 253 3355 R„
268 3296 397 3358 Videtur
410 3306 524 3357 tantum
538 3317 660 3377 peccare
673 3298 801 3368 leviterr
817 3301 888 3381 q'uia
900 3319 960 3360 non
973 3299 1014 3359 de·

75 3374 187 3452 pendet
215 3374 252 3434 ab
276 3375 414 3454 opinione
437 3379 524 3436 unios
544 3377 593 3437 vel
613 3378 748 3449 duorum,
777 3387 814 3438 ad
844 3378 956 3462 aliquid
981 3377 1014 3436 eit

76 3454 210 3528 graviter
223 3454 270 3513 vel
284 3454 391 3513 leviter
403 3456 589 3533 probrosum,
604 3458 657 3516 sed
671 3458 707 3516 ab
722 3457 863 3537 opinione
876 3456 1014 3520 communi

76 3529 244 3593 bominum:
265 3533 353 3592 sicuti
366 3553 425 3593 non
439 3545 576 3614 peccaret
592 3536 760 3597 mortaliter
767 3536 822 3596 dur
835 3538 927 3598 unios·
939 3534 1012 3607 arrii,

72 3607 144 3669 licet
157 3610 247 3693 aliqui
257 3612 428 3691 judicarent
441 3634 536 3677 aerem
550 3636 615 3678 erae
628 3617 783 3679 materiam
797 3637 947 3697 gravem·
