2160 4034
341 128 534 175 narnnnur
553 124 707 173 susurru.
940 116 1001 191 ngr

74 231 122 296 R·
142 228 292 312 Negaudo
312 251 431 310 conseq.
453 241 488 291 ut
501 230 579 299 euim
593 249 668 307 opus
681 240 848 302 externum,
861 229 941 309 quod
955 231 993 290 de

49 331 65 372 e
79 312 233 391 injustum
240 322 296 382 ost,
307 311 358 371 fiat
367 310 509 389 injustum
519 320 657 388 respectu
665 310 919 381 nostrorumst
931 329 993 387 nou

49 402 83 451 st
109 412 244 462 neeesse,
271 401 304 453 ut
325 400 457 451 mutetur
469 390 501 455 in
514 408 555 459 se,
583 389 636 457 sed
649 390 765 461 suffieit,
792 389 873 472 quod
886 399 990 449 eontra

49 469 105 531 los
122 472 288 550 dirigntnn
307 470 377 548 quia
386 478 457 529 tuno
468 468 587 527 laeditur
595 469 647 545 jus
660 469 790 546 ipsorum
801 492 814 539 ,ι
836 470 992 545 unusquis

49 552 193 690 mim
209 553 260 629 jos
280 550 379 620 babet,
401 568 439 613 ue
452 547 529 607 ulter
541 557 645 607 eontra
657 548 755 626 ipsum
768 550 866 611 media
879 547 990 624 injusta

74 710 211 769 Monent
233 708 353 767 iuterim
377 706 540 778 Autbores,
567 705 597 775 ,si
624 705 773 773 homicida
797 709 985 786 provideret,

49 789 177 853 medes
197 808 256 849 uon
280 787 438 857 soluturos,
461 806 527 847 eam
547 795 611 853 tum
627 785 807 863 regulariter
825 788 936 857 debere
949 812 988 850 ex

49 867 186 927 liaritete
196 887 320 929 mouere
333 865 505 937 creditores,
519 875 553 929 ut
562 865 745 942 praeveniant
760 865 836 927 tales
847 868 988 931 haeredes.

75 948 131 1006 An
145 947 294 1006 homicida
306 966 365 1004 non
380 955 498 1004 tenetur
518 942 688 1011 satisfacere
701 945 907 1019 oreditoribus,
935 953 986 1028 qui

49 1026 171 1089 edituum
184 1025 343 1087 vitalitium
353 1023 556 1102 percipiebant
567 1022 605 1089 ab
619 1024 741 1091 onoiso?

76 1106 119 1167 V.
133 1106 174 1166 R„
195 1105 242 1164 De
257 1124 293 1164 eo
307 1104 402 1182 major
415 1113 514 1181 potest
529 1111 596 1163 esse
609 1104 744 1184 quaestio,
765 1104 808 1164 uit
828 1105 985 1185 steyaert:

49 1184 161 1245 ridetur
180 1194 280 1251 tamen
293 1184 359 1261 ipsi,
383 1202 438 1243 neo
448 1181 506 1241 illis
526 1182 746 1251 restitutionem
767 1183 871 1245 deberi
885 1205 924 1245 ex
936 1206 983 1257 eo,

49 1264 120 1345 ruod
132 1264 250 1324 reditus
260 1264 310 1323 isti
320 1261 465 1323 similibus
473 1262 588 1325 ossibus
596 1261 656 1329 siut
666 1261 830 1335 obnoxii&
840 1264 870 1322 iu
882 1284 985 1333 eorum

49 1344 251 1405 emtitutione
263 1342 295 1403 id
329 1360 426 1419 noque
440 1340 620 1407 'considerari
634 1340 737 1407 soleat.

76 1424 137 1494 An,
160 1422 307 1482 sihomioi
358 1420 407 1493 vul
425 1419 579 1483 mutilator
600 1421 745 1483 moriatur
758 1431 810 1481 ant
824 1424 986 1497 oooidatur,

49 1513 181 1581 tenentur
191 1521 294 1561 nomm
307 1498 442 1563 heredes
455 1499 492 1561 ad
506 1498 762 1577 praetendamus
776 1503 984 1573 restituenda?

75 1583 114 1643 R.
135 1582 334 1650 Affirmativb,
360 1578 535 1658 inquantum
545 1579 706 1661 ¹hareditas
721 1599 753 1655 se
771 1582 908 1643 extendit
931 1602 984 1647 seu

49 1663 157 1741 murari
169 1670 279 1740 potest.
387 1708 392 1719 .

79 1742 130 1800 An
144 1738 293 1799 homicida
306 1739 369 1797 sive
379 1737 474 1797 haeres
485 1736 701 1815 ejusliberatur
714 1737 750 1801 ab
764 1744 970 1812 onererestitu

49 1819 139 1890 donis,
150 1820 176 1878 si
183 1819 271 1877 laesns
280 1817 409 1879 moriens
417 1816 505 1886 diost,
514 1836 547 1877 se
555 1816 652 1882 eidem
663 1817 799 1895 iujuriam
805 1821 983 1887 remittere?

78 1899 137 1961 vl.
150 1900 191 1958 R.
203 1896 569 1974 Communiternegatirb,
583 1896 654 1974 quis
663 1897 873 1963 talisnemissio
888 1899 984 1969 sellim

49 1978 215 2057 intelligitur
229 1977 327 2056 quoad
341 1975 482 2034 offensam
497 1976 523 2034 8r
536 1994 698 2046 rancorem,
713 1996 766 2034 seu
779 1977 858 2057 quod
872 1980 984 2039 vindie-

52 2068 102 2117 tun
115 2077 176 2117 non
213 2065 313 2126 uaerat,
337 2055 375 2115 ad
390 2073 477 2133 quam
496 2054 701 2117 remissionem
714 2054 801 2115 lasus
815 2067 934 2122 tenetur
945 2079 985 2119 ex

50 2138 106 2217 lage
119 2136 289 2205 ,ohannein
317 2144 350 2193 ut
363 2132 474 2195 dietum
498 2146 545 2197 est
566 2133 688 2195 N.133.
709 2134 777 2195 “de
798 2135 950 2201 charitate
959 2139 983 2198 :'’

50 2236 96 2277 roo
111 2215 186 2275 rerd
194 2214 372 2292 intelligitur
385 2213 423 2275 da
436 2211 610 2278 remissione
624 2212 808 2283 damnorum.

72 2295 161 2372 ¹Quid
175 2297 201 2359 si
213 2295 300 2354 laesns
314 2293 403 2363 diost,
427 2312 459 2352 se
473 2292 562 2355 etiam
575 2294 731 2355 remittere
744 2293 851 2355 damno
863 2296 980 2365 realis?

77 2375 154 2439 Vll.
167 2375 206 2434 R.
222 2375 254 2434 Si
267 2374 353 2435 laesus
364 2373 414 2433 ille
422 2373 518 2451 possit
525 2371 622 2438 relide
630 2366 793 2444 remittere,
802 2394 842 2433 ex
855 2393 900 2445 eo,
915 2395 981 2454 ag.

49 2456 110 2534 uod
123 2475 186 2514 non
200 2455 306 2512 debeat
320 2452 487 2530 exjustitia
497 2450 669 2530 impendere
678 2451 810 2520 laborem
820 2454 982 2523 autiudus·

49 2537 121 2595 riam
134 2555 191 2614 pro
205 2533 316 2592 familia
329 2531 531 2601 sustentanda,
540 2531 864 2597 liberaturrhomioida:
884 2534 908 2592 si
923 2553 982 2599 non

49 2616 127 2676 ussit
140 2613 246 2683 validi,
260 2632 319 2673 nou
329 2611 482 2671 liberatur.
516 2610 549 2671 si
562 2620 662 2671 autern
671 2612 805 2675 remissio
814 2612 853 2671 sit
862 2611 982 2691 quidem

49 2694 141 2765 ulida,
156 2692 209 2752 sed
223 2691 309 2751 simol
323 2690 435 2760 illicita,
450 2709 503 2751 seu
515 2690 685 2759 inofficiosa,
699 2711 727 2748 v.
736 2711 770 2768 g.
785 2691 855 2768 quia
868 2711 906 2751 ex
919 2693 982 2770 pie·

49 2783 93 2834 nte
107 2774 184 2833 alios
203 2771 283 2832 alere
297 2770 462 2839 tenebatur,
487 2770 593 2828 merito
609 2769 812 2837 Confessarios
832 2771 922 2835 talem
935 2792 982 2835 re-

49 2854 206 2913 nissiouem
217 2849 408 2919 dissuadebit,
417 2849 487 2926 quia
495 2848 598 2907 illicita
608 2860 665 2907 est:
682 2849 707 2907 si
717 2849 788 2908 vero
800 2849 980 2923 vulneratus,

50 2943 63 2992 t
75 2932 143 3013 ejus
159 2930 290 2989 haeredes
300 2930 358 2988 sint
369 2928 486 2999 divites,
498 2927 633 2987 suadebit
648 2927 852 2987 confessarius
861 2929 980 2989 damno-

49 3032 98 3071 um
111 3010 238 3071 realium
252 3008 464 3073 remissionem.

89 3249 130 3310 N.
156 3250 219 3308 141.
261 3247 321 3309 DE
342 3243 646 3306 CONFESSARIO
668 3243 913 3305 HOMICIDAE.

280 3407 304 3466 Ι.
338 3404 518 3464 Obseruando
531 3404 563 3461 iu
580 3402 766 3484 Consusioue.

68 3565 300 3644 QUOMODO
315 3564 345 3623 in
359 3561 499 3624 tribunali
511 3561 692 3640 poenitentiae
705 3579 771 3623 oum
780 3557 930 3623 homicide
940 3580 972 3623 se

49 3659 120 3728 geret
135 3645 363 3709 confessarius?
525 3722 544 3779 3

483 3737 506 3782 x
