2160 4034
83 137 142 194 366
445 150 673 195 amors-rua*
763 154 834 191 .-:.·

80 265 222 316 tenentur
243 255 281 314 ad
304 254 524 314 restitutionem
548 256 579 313 in
603 252 749 314 solidum
769 253 845 337 quia
867 252 1024 318 mutuas
1062 280 1072 339 p

82 336 186 395 efficax
199 334 317 403 dam'ni;
337 345 368 392 et
381 335 460 393 idam
474 346 532 405 est,
551 335 615 393 sive
628 335 804 412 acceperint·
820 331 949 414 aliquod
960 353 1025 417 mn·

81 415 364 475 modumaivenoo.
485 454 496 467 .
694 442 697 447 ·
914 454 928 463 ..
964 411 968 419 '
1004 458 1008 463 .
1053 439 1072 496 -p

96 518 99 543 :
122 493 212 569 Tales
226 505 295 552 ιιιιιι
307 493 496 571 negotiorum
516 502 654 570 gestures
677 512 730 551 sau
742 501 922 569 proxeneta
936 510 1027 552 usura·
1066 538 1072 576 ι

81 573 204 639 riorum,
225 572 337 641 famuli,
359 573 409 653 qui
420 584 550 650 praesunt
560 590 669 630 mensae
683 571 836 642 naormim,
844 570 976 640 notarii,
987 575 1026 653 qni
1068 616 1072 652 ,

81 650 271 710 conscribunt
284 662 452 710 contractus
466 651 626 719 usurarius,
646 656 720 710 &tt--
782 698 785 703 .
828 698 832 703 .
966 694 970 699 -
1004 696 1008 703 .
1069 690 1072 733 ,

95 774 103 799 .,
121 731 220 790 Addit
248 731 383 810 Sylvius,
400 732 438 790 ad
461 731 682 789 restitutionem
704 730 803 789 teneri
826 728 1027 806 Magistratus,

81 811 206 872 Judices
219 822 271 868 aut
286 809 449 888 Principes,
469 809 521 891 qui
536 829 588 886 per
602 810 796 879 sententiam,
811 819 971 866 statunatu-
987 820 1027 868 aut

81 890 178 967 legem
203 889 232 947 in
256 908 344 949 causa
358 900 437 959 sunt,
450 888 540 966 -qudd
563 889 758 949 foeneratores
779 888 912 965 exigunt
925 906 1028 959 maras,

80 968 129 1027 vel
142 989 201 1027 non
215 970 387 1037 restituunt,
408 968 457 1027 vel
479 967 569 1027 etiam
593 968 733 1039 efficiunt,
752 979 787 1027 nt
800 968 980 1027 mutuatarii
992 987 1028 1027 ιι·

79 1057 183 1126 peterc
198 1068 254 1106 non
270 1049 384 1125 possint
397 1068 501 1106 usuras
514 1046 636 1105 solutas.

92 1152 105 1179 .¹.
121 1127 182 1201 Qui
197 1128 226 1185 in
241 1126 391 1205 republica
404 1127 534 1187 tolerant
547 1128 697 1185 usurarius
714 1126 753 1186 ad
767 1125 912 1185 evitanda
925 1124 1031 1204 majora

80 1206 167 1276 mals,
191 1226 230 1265 ex
244 1206 300 1264 hoc
313 1208 410 1284 capite
432 1226 491 1264 non
507 1217 580 1269 ιιιιιι-
589 1205 735 1282 culpandi,
754 1205 848 1265 modd
863 1204 947 1263 adsit
959 1206 1037 1264 sun·-

80 1286 162 1344 ciens
176 1286 262 1355 ratio,
284 1285 322 1344 ob
336 1306 423 1365 quam
438 1305 470 1343 se
483 1287 599 1363 possint
612 1284 721 1344 habere
735 1285 927 1363 permissive.

93 1388 102 1415 ι-
121 1365 269 1486 Malim
295 1366 428 1443 accipere
454 1365 632 1443 rolpotone
658 1365 812 1442 pecuniam
839 1364 951 1424 mutud
978 1363 1029 1425 aab
1070 1402 1072 1413 ·

79 1463 185 1504 mura.
270 1488 274 1495 .
402 1490 405 1495 .
533 1490 536 1495 .
577 1490 581 1495 .
662 1488 666 1497 .
691 1490 694 1495 .
789 1468 793 1499 :
848 1492 851 1499 .

93 1557 100 1567 ·
122 1525 165 1584 ΙΙ.
185 1524 224 1583 It
245 1525 405 1603 Nunquam
424 1524 499 1583 licet
522 1524 662 1584 inducere
684 1523 814 1602 aliquem
837 1523 878 1581 ad
897 1532 1030 1581 mutuan-

81 1602 150 1665 dum
166 1605 220 1661 sub
235 1622 339 1672 nsura3
360 1603 499 1682 quiahoc
512 1605 591 1662 foret
614 1603 670 1680 ipsi
694 1602 827 1680 praebere
845 1602 1028 1661 occasionem

80 1683 230 1760 peccandi,
252 1683 384 1764 adeoque
400 1695 550 1761 peccatum
565 1682 703 1741 scandali.
760 1726 763 1731 -
780 1724 783 1731 ι

120 1762 207 1821 Licet
221 1775 318 1826 tamen
333 1761 466 1840 ex.jnsta
479 1782 566 1822 causa
580 1774 713 1839 mutuum
728 1771 832 1840 petere
845 1760 884 1821 ab
899 1759 962 1830 illo,
981 1762 1029 1841 qui

79 1842 261 1920 previdetur
273 1862 332 1900 nun
347 1853 536 1901 mutuatum
558 1841 617 1900 nisi
640 1840 815 1909 aub.uaura;
834 1840 907 1920 quia
920 1840 1030 1917 petitur

78 1940 128 1979 aaa
142 1922 179 1979 de
194 1940 226 1979 ae
239 1921 329 1990 licita,
349 1931 381 1979 et
394 1941 482 2001 quam
497 1931 649 1979 mutuatur
662 1919 744 1979 licite
757 1931 901 1999 praestare
915 1929 1028 1997 potest:

80 2000 159 2077 qudd
183 2012 282 2059 autem
307 2000 370 2077 ipse
391 2011 495 2078 peccet
514 1999 674 2076 exigendo.
689 2019 803 2069 usuras,
825 1998 968 2077 provenit
992 2019 1028 2059 ex

79 2079 192 2136 malitie
206 2080 307 2156 ipsius,
328 2079 366 2136 ad
390 2099 476 2159 quam
501 2091 606 2156 petens
628 2097 660 2137 se
683 2078 773 2137 habet
795 2079 971 2157 permissive
993 2078 1028 2138 ob

75 2158 186 2232 ¹justam
201 2177 327 2228 causam,
348 2177 377 2215 v.
390 2157 419 2235 ς’.
441 2177 525 2216 suum
550 2158 599 2217 rel
617 2157 741 2217 alterius
760 2157 965 2231 sublevamen,
983 2159 1028 2217 cui

78 2236 168 2297 alitor
181 2238 244 2295 sinc
258 2237 446 2295 incommodo
466 2237 625 2297 subvenire
638 2256 696 2296 non
710 2248 820 2315 potest.
1030 2256 1034 2261 ’

86 2340 89 2345 ·
121 2315 191 2393 Obj.
207 2315 231 2376 l.
253 2317 334 2377 Dare
348 2328 483 2375 mutuum
494 2317 532 2376 ad
546 2336 664 2375 usuram
675 2328 721 2377 est
735 2317 897 2377 intrinsece
907 2316 1027 2379 malma

79 2414 152 2473 argo
176 2415 235 2454 non
258 2396 330 2455 licet
351 2409 456 2475 petere
477 2408 613 2455 mutuum
633 2399 652 2456 d
674 2407 847 2455 mutuaturc
862 2397 920 2455 suls
932 2416 1027 2467 usura,
1070 2390 1072 2437 l

80 2474 166 2533 sicuti
180 2495 239 2534 non
254 2475 325 2534 licet
338 2487 441 2554 petere
464 2475 502 2535 ab
516 2476 575 2535 alio
590 2486 622 2534 ut
636 2475 805 2546 mentiatur,
828 2476 957 2548 furetur,
979 2482 1028 2536 &a

79 2555 149 2632 quia
161 2567 231 2614 eunt
245 2555 405 2614 intrinsece
418 2556 505 2613 mala.

91 2676 95 2687 .
118 2634 157 2693 R.
178 2634 327 2711 Negando
340 2643 531 2712 consequent.
572 2633 741 2712 Disperitas
762 2643 818 2704 est,
841 2634 925 2715 quod
947 2654 1026 2694 mun·

77 2712 127 2771 tiri
143 2725 174 2772 et
187 2714 280 2772 furari
304 2726 373 2773 sunt
387 2708 546 2772 seuunddni
567 2733 599 2772 ae
616 2714 702 2783 mala,
723 2713 856 2792 adeoque
869 2714 953 2774 licite
968 2715 1026 2793 peti

76 2812 135 2851 non
150 2805 290 2869 possunt:
311 2793 363 2852 sed
377 2803 512 2851 mutuum
527 2793 598 2851 dare
622 2805 668 2852 est
681 2791 842 2852 secunddm
856 2813 889 2852 ae
902 2793 1024 2863 licitum,

77 2882 107 2930 et
131 2881 246 2929 tantum
272 2872 394 2930 vitiatur
418 2873 447 2930 in
472 2893 541 2930 casu
565 2873 681 2930 ratione
704 2871 932 2932 circumstantiae
946 2873 1026 2933 modi

75 2951 278 3021 mutuationis,
300 2971 404 3029 nempe
418 2949 497 3032 qudd
511 2952 573 3010 liat
586 2950 641 3010 sub
655 2970 754 3022 usura,
774 2950 812 3010 ad
826 2952 907 3029 quod
920 2964 1025 3030 petens

77 3050 108 3089 se
123 3028 211 3087 habet
226 3031 408 3106 permissive.

90 3108 245 3187 1·0bj.11.
267 3109 336 3167 Non
358 3109 429 3169 licet
452 3120 555 3188 petere
573 3110 776 3188 juramentum
797 3110 816 3169 d
841 3108 1025 3188 pejeratum,

74 3209 130 3248 nco
150 3188 326 3247 solutionem
350 3189 486 3248 maleficii
510 3189 547 3249 ab
570 3190 632 3262 illo,
674 3191 703 3247 ui
719 3189 899 3267 praevidetur
912 3191 1026 3251 solutu·

76 3289 128 3328 rus
142 3288 218 3329 novo
233 3266 385 3336 maleficio,
407 3269 476 3327 licet
495 3281 635 3347 ageretur
652 3210 697 3327 de
720 3268 843 3328 notabili
868 3271 1025 3330 commodo

75 3349 224 3428 potentiss
244 3367 317 3424 crgo
333 3366 386 3404 noc
400 3348 429 3404 in
444 3367 523 3406 casu.

115 3428 153 3487 R.
174 3427 321 3504 Negando
345 3446 463 3504 conseq.
487 3427 634 3505 inprimis
658 3427 816 3505 disparitas
840 3437 886 3487 est
910 3427 939 3484 in
954 3447 1026 3488 οιιιιι

74 3507 208 3586 perjurii,
222 3507 309 3565 finem
324 3505 445 3584 petendi
454 3504 656 3582 juramentum
672 3505 888 3577 decoemarum
903 3525 942 3564 ex
957 3527 1023 3587 per·

69 3587 152 3664 jurio
165 3586 277 3646 veritas
292 3584 405 3645 occulta
418 3604 477 3649 non
491 3586 631 3646 deveniat
645 3587 675 3645 in
688 3586 834 3656 notitiam,
858 3585 958 3664 sicque
973 3588 1024 3646 de·
