2160 4034
275 227 285 239 ‚
377 182 421 224 nn
435 180 692 224 ‚corrasor-reus.
949 165 1009 223 317

56 320 60 325 -
87 285 146 344 An
159 282 249 345 liberi
263 283 451 344 exhaeredari
465 287 616 362 possunt?

94 363 192 426 XIV.
213 365 252 425 li-
276 362 404 423 Liberos
427 363 612 423 exhaeredari
636 382 733 441 posse,
753 363 784 421 in
805 364 942 425 confesso
962 376 1010 425 est

54 443 135 581 ppu⁵d
150 443 367 591 omupsp‘ispprpp
378 442 523 580 varppslpb
532 462 648 581 pausas,
661 462 727 579 opo
737 443 1009 583 hepentppnpvetlia

112 542 205 581 .ca.
374 542 432 581 su
500 542 575 581 eo
633 542 764 581 sacione
798 532 838 581 .“
930 542 1008 582 es·

49 543 196 673 montisi
208 621 274 680 quae
286 622 381 661 cause
392 542 460 660 1iere
473 542 656 660 redueririiur
669 601 708 660 ed
728 601 872 660 nefariam
886 603 1010 680 ingrati·

49 679 194 741 tudinem
207 700 280 759 erga
292 693 440 759 parentes,
455 701 483 739 v.
491 700 521 758 g.
536 681 562 740 si
573 700 676 739 manus
688 679 832 740 violentas
843 681 1008 759 injecerint,

49 758 75 899 :ii
90 759 258 819 machinati
272 760 331 820 sint
344 770 472 819 mortem
491 761 632 837 parentis,
656 761 683 818 si
703 761 906 820 accusaverint
919 761 950 819 in
960 760 1010 841 ju·

71 839 147 911 icio,
161 841 216 898 &o

73 976 77 985 ,
90 918 178 979 Item
186 918 277 996 justa
290 918 420 978 edietum
435 919 535 979 Caroli
545 919 585 980 V.
595 917 673 977 dieis
684 917 825 978 Octobris
839 919 908 977 anni
922 921 1008 991 1540,

49 997 264 1057 confirmatum
295 1017 313 1056 a
344 998 485 1076 Phiiippo
507 999 546 1056 V.
567 1001 606 1055 29
630 997 795 1056 Novembr.
819 998 889 1057 unni
922 1001 1010 1058 1628.

54 1077 249 1136 exheredari
278 1089 403 1154 possunt
422 1077 603 1137 filiifamilias
628 1078 757 1136 minores
778 1080 817 1135 25
838 1078 931 1148 annis,
961 1080 1013 1156 qni

54 1156 162 1216 insciis
176 1166 228 1216 ant
241 1156 343 1215 invitis
356 1157 528 1234 parentibus
547 1157 769 1215 matrimonium
787 1167 1011 1217 contraxerunt.

96 1235 173 1295 Non
187 1236 523 1313 comprehenduntsrea
531 1236 745 1295 constitutione
757 1235 938 1294 filiifamilias
949 1256 1010 1295 ma·

49 1314 140 1393 jures
165 1318 203 1373 25
217 1317 311 1385 annis,
332 1315 493 1374 dummodo
516 1314 671 1374 consilinm
690 1327 845 1392 parentum
867 1315 1012 1393 requisie-

55 1394 129 1465 rint
153 1393 208 1454 sed
225 1414 322 1473 neque
341 1395 372 1464 ii,
392 1413 520 1475 quorum
538 1407 649 1454 matres
669 1395 708 1454 ed
728 1395 872 1454 secundas
891 1395 1011 1474 nuptias

61 1474 268 1534 convolarunt.

100 1554 133 1613 si
146 1564 288 1631 parentes
301 1551 547 1612 irrationabiliter
559 1572 735 1613 consensum
749 1552 972 1630 denegaverint,
986 1556 1013 1613 is

64 1633 235 1710 superiores
255 1652 290 1690 re
307 1633 427 1709 cognita
440 1652 615 1691 eonsensum
629 1642 784 1710 parentum
799 1633 1012 1711 suppleverint,

59 1730 149 1789 poeoa
161 1711 251 1848 adpeti
265 1730 324 1770 non
334 1709 457 1771 habebit
470 1711 577 1782 locum,
591 1712 634 1770 ait
648 1711 775 1790 Zypreus
788 1712 840 1770 lib.
853 1716 882 1771 5.
894 1713 1010 1775 notitiae

68 1790 139 1849 'uris
154 1792 200 1850 Be
233 1790 280 1848 ici.

61 1808 75 1868 J
96 1811 243 1931 θοιιιιιὶξὸ
262 1868 429 1929 abstinetur
443 1872 473 1928 io
493 1868 681 1929 testamentis
694 1889 713 1927 a
725 1870 863 1929 terminis
883 1871 1011 1931 “exhe-

64 1949 179 2020 “.redo,
194 1948 340 2019 secludo,”
353 1955 405 2009 &a
424 1959 549 2029 propter
563 1949 759 2020 difficultates,
773 1949 842 2009 lites
855 1970 890 2009 ac
903 1951 1016 2010 acerbi·

64 2036 148 2099 tates,
162 2048 229 2110 quus
243 2028 312 2087 inde
326 2028 472 2099 oriuntur,
490 2028 561 2088 dum
574 2048 662 2087 ceusu
675 2028 804 2106 allegata
817 2050 875 2089 non
891 2041 938 2090 est
950 2030 1015 2090 suf·

63 2105 182 2169 ficiensr
202 2107 254 2167 sed
269 2106 369 2186 potius
389 2128 516 2186 persona
535 2108 710 2186 simpliciter
723 2110 882 2168 omittatur
893 2120 926 2168 et
938 2129 1013 2188 prae·

64 2195 206 2257 terentur,
220 2186 262 2245 nil
276 2186 411 2258 dicendo,
425 2187 497 2247 dum
510 2188 669 2247 secuudum
680 2185 830 2265 justitiam
843 2199 876 2249 et
888 2189 1015 2248 charita·

63 2274 120 2325 tem
135 2266 194 2325 hoc
206 2265 271 2324 fleri
285 2275 396 2344 potest.

63 2422 102 2483 N.
125 2425 176 2483 24.
216 2423 279 2484 Du
297 2423 622 2485 REVOOATIONE
642 2423 700 2482 ET
721 2423 1014 2486 EXEOUTIONE

389 2502 689 2563 TESTAMENTI.

58 2616 85 2678 i.
98 2620 319 2681 'Teewmentum
344 2632 433 2681 oersct
480 2622 899 2694 turcomannorum,
949 2626 1011 2689 111.

97 2700 183 2760 Licet
197 2703 344 2780 juratum.
384 2700 440 2761 lv.
469 2701 533 2761 Aut
547 2698 745 2779 ¹promissione
763 2701 927 2779 firmatum.
969 2708 1010 2770 V.

104 2778 252 2851 Quomodo
275 2783 411 2839 revocatio
420 2779 492 2857 fiat.
534 2780 591 2840 Vi·
610 2780 794 2839 Rescinditur
817 2782 1011 2860 inofficiosum.

101 2856 178 2918 vll.
198 2859 318 2937 Apertio
331 2862 493 2918 testamenti.
534 2859 626 2920 v111.
646 2858 747 2918 Heres
760 2880 817 2918 non
830 2862 907 2921 debet
917 2884 1013 2945 aceep-

99 2946 163 2997 ture
175 2938 370 2997 hereditatem.
412 2938 471 2997 lx.
484 2938 662 3017 Bemfieium
672 2940 832 2998 inventarii.
875 2940 917 3001 X.
936 2946 1013 3017 Quo·

99 3018 184 3077 modo
211 3019 426 3095 impetrandum.
469 3016 527 3077 XI.
561 3016 630 3077 Non
656 3016 757 3096 ubique
782 3018 892 3080 obtinet.
935 3023 1012 3084 XII.

101 3094 247 3156 Eretum
259 3099 423 3155 momenti.

107 3215 335 3290 QUOMODO
350 3227 446 3275 cessat
458 3219 694 3276 testamentum?

101 3296 128 3357 l·
142 3296 183 3355 R.
199 3295 352 3373 Praecipue
363 3294 478 3355 duobus
488 3295 595 3365 modis,
609 3294 722 3355 scilicet
732 3298 920 3357 revocatione
931 3299 1011 3359 fecta

66 3385 244 3436 atestatore
258 3380 284 3434 u
298 3375 472 3434 rescissione
485 3375 565 3434 facta
577 3395 595 3433 s
604 3374 717 3453 jndice.

104 3455 152 3515 11.
173 3453 326 3527 Quantum
341 3454 379 3513 ad
398 3454 617 3513 revocationem
632 3455 795 3526 testatoris,
818 3474 853 3513 ea
867 3466 914 3512 est
925 3466 1018 3517 testu-

65 3533 162 3595 menti
175 3532 317 3602 conditio,
332 3543 366 3591 nt
379 3544 552 3594 revocatum
565 3535 667 3593 statim
681 3553 782 3592 omnes
796 3534 874 3592 vires
888 3536 1017 3607 amittat,

60 3614 132 3674 sire
145 3614 186 3671 sit
199 3621 218 3651 ‘⁴
231 3612 471 3690 Privilegiatum,
483 3612 562 3692 apud
576 3625 651 3684 acte,
672 3632 771 3672 coram
787 3613 934 3691 Principe,
947 3614 1018 3675 δεῦθ’
1033 3626 1036 3633 ’

65 3694 132 3753 sive
152 3692 193 3752 sit
214 3711 386 3761 οοιιιιιιιιιιος
407 3691 653 3769 quiavoiuntetis
671 3690 800 3751 hominis
821 3691 1026 3757 ambulatorio

67 3782 116 3833 est
129 3789 225 3850 usque
239 3770 278 3831 ed
291 3782 427 3832 mortem.
