2182 4036
346 189 390 231 uu
408 188 488 233 sunu
509 190 551 233 ur
570 190 725 233 suerrum.
970 170 1039 231 35'.

63 289 180 428 bibepur
192 291 310 353 ratione
324 290 385 351 diei
398 291 492 365 Festi,
504 293 542 352 de
553 312 612 372 quo
621 293 690 353 aide
701 292 732 352 N
734 310 793 352 um.
807 293 855 350 81.
875 300 893 330 “
905 291 942 352 de
953 293 1020 352 Les

66 379 83 406 ‘¹
95 371 125 447 gi
147 370 211 429 us.''

107 450 148 510 V.
170 450 302 511 Venatio
315 450 403 509 etiarn
414 450 518 510 illicita
541 463 587 511 est
597 447 713 510 ratione
731 452 1008 525 instrumentorum,

64 538 96 587 ut
107 530 134 586 si
149 531 216 607 quis
230 539 331 589 utatur
355 529 461 589 mediis
473 531 637 602 venenatis,
662 529 742 609 qnod
757 549 834 609 saepe
849 529 964 591 obtinet
978 533 1008 591 in

81 608 235 667 iscatione.

63 626 81 686 p
99 687 157 748 Vl.
179 688 310 747 Ratione
322 687 380 749 loci
395 688 709 766 prohibeturvenatio,
737 686 789 747 ubi
806 689 950 768 Princeps
961 691 1009 749 vel

64 766 222 845 Topareha
236 768 290 826 sibi
306 788 370 827 earn
385 780 535 828 reservat:
557 769 608 847 qui
617 779 715 827 tamen
727 789 830 827 curare
840 768 958 841 debent,
973 790 1010 828 ne

63 846 223 905 multitudo
231 849 362 906 ferarum
373 859 478 907 noceat
490 849 580 926 agris,
595 848 700 926 segeti,
725 849 776 906 &o
790 847 919 926 alioquin
936 849 1010 907 obli·

63 937 171 1002 gantur
184 925 223 985 ad
243 927 462 985 restitutionem
478 950 486 987 ι
507 929 596 986 etiam
611 946 697 1006 pcena
711 936 823 986 statuta
843 937 947 987 contra
960 948 1010 987 ve·

64 1011 167 1065 nantes
180 1025 239 1064 non
254 1018 355 1084 potest
375 1026 440 1066 esse
454 1008 615 1066 excessivo.

99 1085 151 1142 An
163 1085 351 1163 particularis
365 1086 427 1144 sive
447 1087 582 1165 privatus
595 1096 696 1165 potest
706 1084 865 1166 probibere
877 1089 1010 1148 venatio·

65 1183 129 1222 nem
143 1165 175 1222 in
187 1184 241 1223 suo
254 1165 348 1223 fundo
362 1167 376 1224 i

101 1244 140 1303 R.
157 1243 193 1303 ld
203 1243 274 1322 jure
285 1245 432 1313 communi
447 1264 618 1304 concessum
627 1254 673 1302 est
682 1243 734 1304 lib.
745 1246 773 1302 2.
786 1245 858 1303 lnst.
872 1245 890 1326 §
902 1245 1009 1304 Funis.

65 1321 200 1381 Moribus
211 1333 310 1383 tamen
324 1324 443 1395 nostris,
468 1325 565 1402 inquit
577 1326 625 1404 De
641 1324 731 1402 Oocq‚
742 1324 943 1383 introductum
954 1337 1009 1396 est,

65 1413 96 1460 ut
109 1403 259 1461 Dominus
282 1403 375 1462 feram
397 1404 427 1461 iu
442 1404 595 1464 territorio
619 1423 673 1464 suo
694 1403 854 1464 excitatam
874 1405 963 1464 etiam
978 1405 1008 1462 in

66 1480 160 1541 alieno
174 1482 270 1560 possit
283 1483 431 1560 persequi.

102 1561 264 1635 Quomodo
288 1574 398 1638 peccat,
430 1561 482 1640 qui
510 1572 615 1647 contra
637 1561 750 1640 justam
778 1561 1009 1640 prohibitionem

65 1642 217 1699 venatur?

99 1719 175 1781 VII.
195 1720 236 1779 R.
257 1720 429 1783 Communis
444 1719 592 1778 sententia
604 1719 704 1788 babet,
719 1719 799 1798 quod
812 1729 927 1778 tantum
942 1740 1010 1798 pec·

63 1807 107 1856 eet
120 1799 288 1869 venialiter,
313 1801 370 1857 nisi
387 1801 466 1858 fortb
484 1799 544 1858 tale
559 1799 697 1857 damnum
712 1799 837 1858 inferret
851 1801 1012 1871 venationi,

63 1889 94 1937 ut
102 1876 155 1955 jus
166 1877 294 1937 venandi
308 1878 480 1938 notabiliter
493 1878 580 1936 vilius
588 1878 774 1938 redderetur.

98 1957 193 2018 Vlll.
216 1959 323 2016 Potest
333 1958 451 2016 interim
467 1958 582 2035 peccari
597 1957 762 2017 mortaliter
771 1956 886 2016 ratione
900 1957 1010 2029 damni,

63 2037 140 2114 quod
166 2037 257 2096 infert
277 2037 432 2109 furoribus,
456 2042 481 2097 81
504 2037 543 2096 ad
564 2037 785 2099 restitutionem
808 2037 914 2108 teneri,
938 2038 1010 2096 item

61 2115 176 2176 ratione
186 2117 312 2194 periculi
327 2136 429 2194 poenae,
458 2117 505 2175 cui
520 2136 552 2176 se
566 2117 699 2195 exponit,
714 2117 765 2175 &a
792 2116 905 2194 Saepius
919 2116 1009 2175 etiam

62 2207 218 2256 venatores
232 2206 355 2273 peccant
369 2195 535 2256 mortaliter
547 2197 664 2255 ratione
672 2195 762 2254 animi
774 2196 868 2273 parati
883 2194 921 2254 ad
936 2195 1011 2254 infli-

62 2275 193 2351 gendum
207 2295 300 2353 grave
313 2276 419 2333 vulnus
434 2285 485 2335 aut
494 2285 620 2334 mortem
630 2275 746 2333 custodi
756 2275 931 2344 venationis,
942 2294 1011 2333 casu

62 2354 400 2432 quodeprehendantur,
426 2365 516 2431 prout
527 2364 572 2413 sat
586 2355 761 2432 frequenter
774 2353 932 2431 contingit.

99 2434 152 2492 An
168 2435 218 2512 qui
234 2445 337 2492 contra
357 2432 588 2512 prohibitionem
609 2445 744 2505 venatur,
768 2433 895 2511 acquirit
916 2433 1011 2492 domi-

63 2512 142 2571 nium
158 2513 230 2572 ferta
247 2515 364 2592 captae?
1035 2568 1049 2587 .,

100 2593 161 2651 ΙΧ.
182 2593 222 2652 R.
243 2592 411 2671 Responsio
425 2591 588 2651 communis
603 2591 850 2654 estaffirmatiea:
864 2589 935 2648 licet
945 2589 1009 2648 An·

62 2671 154 2731 selmo
170 2670 353 2731 Triboniano
368 2691 430 2750 cap.
444 2674 492 2730 56.
507 2670 524 2752 5
538 2675 566 2731 6.
580 2676 606 2731 dr
621 2669 840 2729 Puffeudorlids
861 2668 1009 2747 “dejure

61 2751 165 2809 “-Nat,
177 2753 204 2809 8ι
220 2751 328 2812 Gent.'’
348 2750 400 2808 lib.
421 2753 450 2808 t.
469 2770 532 2828 cap.
546 2754 575 2809 6.
595 2771 624 2808 n.
639 2752 667 2807 7.
688 2748 911 2808 contradicant:
932 2750 1010 2808 ratio

61 2841 114 2899 est,
143 2830 224 2908 quod
246 2831 319 2888 ferae
333 2830 393 2888 sint
409 2830 528 2898 nullius,
551 2829 685 2908 adeoque
695 2828 766 2906 jure
781 2828 923 2889 Gentium
937 2827 1011 2888 fiant

60 2909 156 2985 primo
171 2909 352 2987 occupantis,
364 2909 410 2967 cui
420 2909 484 2986 juri
497 2929 556 2967 uon
568 2907 688 2966 videtur
698 2908 863 2967 detractum
878 2927 932 2986 per
942 2927 1011 2985 pro-

63 2987 236 3049 hibitionem
259 2989 435 3048 venationis.

103 3067 191 3127 Dicta
207 3068 244 3127 de
259 3068 418 3126 venatione
442 3066 583 3144 applicari
606 3075 730 3144 possunt
753 3065 919 3143 piscationi,
942 3065 1009 3125 cdm

60 3147 122 3224 peri
136 3167 227 3226 passu
241 3149 412 3226 procedant,
428 3157 564 3222 excepto,
586 3145 664 3227 quod
676 3127 802 3223 piscatid
815 3146 1009 3222 &aucupium

60 3245 116 3284 nou
130 3228 173 3286 ita
188 3227 314 3286 Clericis
329 3226 389 3285 sint
416 3226 596 3294 interdicta;
617 3244 656 3284 ex
665 3224 801 3302 professo
815 3236 914 3282 tamen
930 3224 1010 3282 simi·

59 3304 133 3364 libus
148 3304 331 3379 incumbere,
354 3305 479 3366 dedecet
491 3305 631 3376 Clericus,
655 3306 707 3386 qni
727 3304 764 3363 ad
780 3304 927 3363 sanctiora
942 3315 1011 3361 sunt

63 3387 167 3447 vocati.
288 3387 290 3393 ’
