2160 4034
204 153 248 196 nc
267 152 348 225 sonu
368 152 410 196 un
429 152 583 196 tusorum.
810 138 869 197 25⁷

41 276 88 358 pue
102 257 210 318 sufficit
228 259 260 317 in
274 259 459 320 confessione
483 259 592 328 dicere,
619 276 652 318 se
666 275 731 318 esse
743 256 871 317 fornica·

83 338 176 398 Ratio
189 347 245 410 est,
266 337 441 417 conjugatos
453 338 485 397 in
505 347 609 398 mutua
621 355 747 416 corpora
760 335 871 397 habere

41 416 178 477 rdioabsse
191 427 315 496 propter
326 416 433 477 bonum
444 416 545 496 prolis.

41 515 128 555 ansus
143 497 262 556 interim
276 497 355 570 facit,
370 509 404 557 ut
416 507 513 558 cesset
527 495 670 574 obligatio
685 494 868 557 satisfacien-

53 576 258 636 consentienti.

41 654 189 715 l’raeterea
197 655 376 715 adulterium
386 675 439 734 per
449 675 481 716 se
492 654 668 734 injuriosum
677 662 724 713 est
734 652 867 733 prolibus

41 735 61 793 is
75 734 139 793 sive
155 734 221 793 aliis
236 733 411 793 heredibus

41 813 98 890 puid
111 824 252 873 tenentur
265 813 417 873 adulteri?
854 848 857 853 ·

41 893 99 952 list
113 892 290 970 tripliciter:
306 893 353 951 vel
367 893 467 970 proles
477 912 536 951 non
551 893 686 973 sequitur
699 911 739 952 ex
752 891 867 953 adulta·

53 973 196 1050 sequitur,
211 971 259 1031 vel
272 970 395 1031 dubium
410 981 465 1044 est,
486 972 587 1032 utrdm
600 992 640 1032 ex
653 974 690 1032 co
704 982 807 1033 secuta
819 972 869 1045 sit,

44 1129 53 1188 i
74 1151 134 1190 non
159 1139 300 1212 sequatur
320 1130 429 1210 proles,
455 1130 493 1190 ad
514 1130 625 1190 nullum
649 1130 870 1191 restitutionem

41 1229 60 1268 r
73 1210 211 1282 adulteri,
225 1210 282 1270 nisi
297 1222 330 1269 nt
343 1209 505 1270 exhibeant
523 1211 754 1271 satisfactionem
777 1210 871 1271 hono·

43 1289 172 1368 petendo
187 1290 313 1360 veniam,
334 1289 519 1349 ostendendo
539 1289 684 1362 dolorem,
697 1288 868 1369 praestando

41 1411 46 1437 .
69 1370 121 1428 dcc.
135 1370 160 1427 si
174 1370 314 1427 nimirum
334 1369 514 1428 adulterium
535 1368 700 1429 innotescat
713 1368 869 1449 comperti,

41 1458 101 1507 rtur
114 1448 280 1507 humiliatio
293 1449 394 1508 futura
407 1459 502 1526 grata.

41 1538 123 1588 otest
138 1529 254 1607 injungi
275 1529 439 1588 satisfactio
460 1527 633 1608 pecuniaria
653 1527 685 1586 in
698 1547 869 1608 compensa·

41 1686 193 1764 legative:
214 1688 245 1747 id
269 1687 348 1746 enim
374 1687 458 1767 leges
484 1685 645 1765 prohibent
665 1687 728 1746 la.
750 1686 871 1758 codicis,

42 1786 98 1844 ege
115 1769 160 1825 18.
200 1767 249 1826 Ne
264 1766 380 1826 maritis
394 1767 543 1825 tribuatur
556 1766 670 1844 species
692 1765 741 1826 vel
756 1765 871 1826 occasio

41 1846 78 1915 ii;
98 1847 122 1904 si
137 1857 235 1905 tamen
250 1846 319 1905 inde
334 1854 435 1904 secuta
447 1845 645 1904 fueritmariti
656 1844 872 1906 infamatioant

41 1944 107 1995 nna,
121 1924 173 1983 illa
187 1944 378 2004 compensare
391 1933 542 1984 tenentur.

41 2004 100 2082 [uid
115 2015 256 2063 tenentur
270 2004 397 2063 adulteri
410 2003 495 2082 prole
509 2003 634 2064 secuta?

41 2084 77 2142 R
100 2084 132 2143 Si
146 2085 213 2161 quis
227 2083 324 2142 aliena
334 2083 646 2143 uxoreabnsnsfucrit
655 2083 687 2141 vi
696 2082 745 2142 rel
754 2083 870 2153 fraude,

54 2163 118 2240 ipsc
140 2162 221 2221 solus
235 2162 273 2241 ad
286 2162 379 2241 prolis
392 2163 655 2234 alimentationem,
678 2172 711 2222 et
723 2161 872 2223 adomnia

41 2262 99 2301 nna
117 2241 310 2314 restituenda,
334 2242 527 2302 conformiter
540 2240 578 2301 ad
599 2239 641 2313 id,
663 2241 743 2324 quod
757 2241 871 2302 dictum

41 2341 75 2379 m.
93 2323 158 2380 144.

41 2411 104 2460 ,tem
112 2420 160 2460 rcs
168 2400 324 2480 utriusque
331 2400 427 2460 libero
435 2418 579 2461 consensu
587 2399 738 2472 acciderit,
748 2409 869 2461 tenetur

41 2503 45 2534 ι
65 2499 133 2557 pars
144 2478 376 2539 adulterantium
386 2500 441 2559 pro
454 2491 522 2540 rata
539 2479 578 2548 ad
596 2479 731 2538 alendam
750 2479 868 2557 prolem

43 2558 159 2628 damna,
170 2564 196 2618 dl
206 2560 265 2618 unis
275 2558 441 2629 deficiente,
455 2559 549 2618 altera
557 2568 677 2618 tenetur
687 2558 717 2616 in
728 2557 866 2617 solidum.

41 2679 47 2707 ,
63 2639 87 2696 si
101 2647 172 2696 tunc
182 2638 318 2699 adultera
328 2637 477 2698 communi
487 2638 641 2698 uoluntate
650 2655 717 2695 cunr
728 2636 866 2697 adultero

57 2718 186 2795 spuriam
210 2719 318 2776 marito
342 2727 498 2797 supponat,
525 2728 577 2776 aut
600 2735 665 2775 eam
683 2715 733 2775 ul
774 2716 866 2776 'timis

41 2815 54 2888 e
68 2806 197 2934 nequeat
217 2797 282 2856 sine
295 2796 482 2875 gravioribus
495 2796 590 2867 malis,
611 2803 702 2874 prout
715 2814 749 2854 or
772 2795 866 2855 inarie

42 2886 66 2933 ιι
676 2894 682 2926 '-

50 2955 88 3014 R.
111 2953 292 3033 Obligantur
306 2955 336 3013 in
350 2954 477 3013 solidum
491 2953 653 3014 adulteret
666 2952 811 3024 adultera,
825 2953 865 3012 ad

41 3033 102 3091 nda
116 3034 231 3104 damna,
246 3053 311 3116 quae
325 3032 621 3112 maritoetlegitimis
631 3032 765 3110 prolibus
775 3033 865 3092 obve-

41 3133 55 3170 ιι
68 3114 284 3173 sustentatione
298 3114 390 3192 prolis
405 3113 522 3192 spuria,
537 3113 610 3171 item
623 3131 662 3170 ex
681 3111 864 3171 haereditatis

41 3211 53 3251 a
68 3203 99 3250 et
123 3213 162 3250 ex
186 3191 395 3251 donationibus
416 3191 494 3269 proli
518 3191 625 3269 spuriae
642 3191 734 3251 <saetis
747 3192 766 3250 u
779 3200 865 3268 patre

41 3289 51 3330 ι
65 3271 168 3349 ejusve
182 3272 407 3349 consangnineis
421 3271 451 3329 in
468 3270 609 3330 damnum
623 3271 751 3350 prolium
764 3267 864 3345 legiti-

80 3350 173 3424 Qndd
197 3351 222 3409 si
247 3351 346 3428 proles
368 3351 510 3428 legitimae
530 3370 591 3409 non
605 3351 674 3421 sint,
700 3347 817 3407 adulter
831 3356 863 3406 et

41 3449 52 3488 ι
65 3449 104 3488 ex
118 3431 322 3508 suppositione
335 3430 427 3508 prolis
440 3430 548 3508 spurios
562 3426 784 3496 tenenturillis,
797 3424 863 3506 qni·

42 3511 172 3568 amariti
186 3509 316 3590 alioquin
331 3509 480 3569 cederent.

41 3630 46 3656 .
72 3588 97 3646 si
119 3588 255 3647 adultera
277 3588 378 3648 valens
401 3588 516 3667 prolem
540 3586 670 3680 spuriam
694 3583 865 3664 separated

43 3687 57 3725 s
83 3669 147 3726 sine
174 3668 361 3745 gravioribus
386 3666 588 3738 incommodus,
616 3664 754 3747 equidem
781 3663 863 3724 illam

43 3747 201 3808 tmarito?
569 3800 607 3810 „-
