2160 4034
69 114 130 177 232
204 138 207 143 -
396 168 400 175 ,
450 119 638 166 uncrinus

72 230 156 307 istud
169 247 270 295 emero
283 225 379 306 possit
390 226 515 288 minoris
535 229 619 308 uque
639 247 674 289 oc
687 228 749 300 ulii,
771 227 825 308 qui
838 227 1015 295 difficultates
1053 228 1070 287 i

75 310 177 374 subire
187 309 340 368 deberent.
1045 331 1070 385 'l'

119 390 162 450 Il.
188 388 227 446 R.
248 387 378 448 Videtur
398 388 546 448 sententio
565 387 707 465 negativo
726 387 921 466 probabilior,
940 411 1018 471 quom
1047 402 1070 865 ἱ

77 467 243 530 defendunt
258 467 402 545 Wiggers
412 474 437 526 ἃ
449 466 593 526 Doelman
608 479 712 526 contro
724 467 863 527 Loesium
878 467 1019 550 aliosque:

76 549 156 608 ratio
164 559 220 617 est,
230 547 298 623 quie
307 547 385 605 istud
395 545 527 605 debitum
538 545 626 605 bnbet
635 546 763 624 pretium
771 557 888 606 certum
898 549 926 604 δι
933 548 1022 626 legiti-

76 647 170 695 mum,
193 637 308 684 tuntum
327 625 449 693 scilicet,
471 627 575 703 quenti
595 636 697 693 sonat3
717 625 851 707 adeoquo
867 625 958 685 debet
971 629 1022 686 emi

78 706 178 786 pretio
189 705 334 782 legitimo,
345 705 402 762 nisi
414 703 534 762 obstent
543 703 730 763 difficultates
738 716 790 763 uut
800 705 851 763 alii
862 705 940 783 justi
951 706 1024 765 tituli

79 784 214 861 allegati:
228 785 310 864 atqui
319 794 455 860 respectu
466 782 713 861 bujus'emptoris,
722 784 848 860 quisine
857 784 1025 845 difficultate

80 864 259 924 solutionem
274 862 409 921 obtinere
423 872 531 940 potest,
545 861 643 920 nullus
657 872 704 921 est
717 862 839 921 titulus:
861 883 948 940 ergo,
961 869 1010 923 &c
1065 872 1070 919 .'

123 942 182 1002 111.
205 943 264 1000 Pro
279 962 338 1023 quo
353 941 524 1012 notandum,
549 942 646 999 simile
659 940 792 1001 debitum
814 942 978 1001 secundum
999 963 1027 1002 se

79 1041 142 1081 non
165 1019 275 1079 babere
299 1022 356 1080 nisi
378 1020 508 1098 pretium
530 1019 715 1097 legitimum
739 1020 895 1102 solumque
924 1021 1028 1082 habere

80 1100 211 1179 pretium
227 1099 349 1176 vulgato
362 1100 470 1169 miuus,
490 1097 608 1179 quondo
627 1098 832 1158 consideratur
846 1110 882 1157 ut
896 1101 1029 1178 conjunc·

80 1190 146 1239 tum
170 1178 286 1237 cuidam
308 1178 440 1257 periculo
463 1188 515 1236 aut
538 1177 663 1237 damno:
683 1180 787 1237 verbm
806 1178 883 1237 illud
903 1180 1028 1257 pretium

82 1259 207 1336 vulgare
220 1277 279 1317 nou
294 1269 339 1316 cst
353 1256 529 1327 absolutum,
550 1255 603 1315 sod
623 1257 809 1316 solummodo
822 1259 1029 1335 respectirum

81 1334 1028 1493 tltPtstztl‘tltllreddiit&3¹22‘idolum
1061 1362 1070 1398 ²

93 1482 96 1488 .
286 1458 294 1474 ·
675 1458 683 1474 ·
1020 1460 1028 1488 2

80 1515 154 1634 lit
168 1495 610 1654 illrtl'tgtllslfiilt
624 1495 1027 1635 lldlttttdtdt‘t

82 1655 185 1725 sontis,
207 1660 258 1712 dre.
272 1654 323 1713 ubi
337 1655 363 1713 si
376 1653 426 1711 alii
440 1664 548 1724 omont,
572 1652 678 1730 quibus
699 1652 769 1712 inde
788 1653 906 1712 luorum
926 1666 1023 1726 cessat,

82 1739 135 1794 dio.
149 1743 273 1812 possunt
287 1733 360 1792 illud
375 1733 498 1792 minoris
518 1751 626 1801 emere,
648 1742 680 1791 et
698 1733 782 1790 tantd
796 1732 895 1792 odbuc
908 1733 1023 1794 minoris
1052 1735 1070 1837 l'

82 1833 160 1872 unus
174 1833 235 1904 proe
249 1813 317 1882 ulio,
331 1813 356 1871 si
371 1813 421 1869 uni
436 1831 497 1888 pree
507 1812 566 1870 alio
580 1809 675 1887 majus
688 1810 803 1870 lucrum
818 1822 927 1871 cesset.
944 1836 947 1841 ·
977 1846 980 1860 =
1059 1833 1070 1869 r

124 1891 195 1969 Obj.
217 1892 241 1950 Ι.
264 1892 297 1950 Si
311 1891 391 1951 istud
406 1891 537 1950 debitum
558 1888 674 1968 publici
694 1901 898 1967 exponeretur
917 1891 1023 1962 venslo,
1060 1912 1070 1948 ι

80 1970 176 2031 multo
192 1969 278 2029 viliris
293 1970 491 2029 venderetur:
512 1988 585 2046 ergo
600 1968 690 2027 etiem
704 1969 764 2038 ille,
783 1970 835 2046 qui
855 1990 895 2029 ex
909 1971 1023 2048 speciali
1062 1971 1070 2028 l

80 2049 184 2108 favore
199 2051 254 2107 soit
268 2048 403 2114 obtinere
418 2047 594 2107 solutionem
606 2049 670 2107 sine
684 2047 916 2121 difficultatibus,
932 2061 1025 2128 potest
1068 2072 1070 2105 ;

82 2128 157 2187 illud
171 2128 294 2186 minoris
305 2148 413 2186 emere.

122 2209 161 2268 R.
182 2207 329 2285 Negando
343 2227 461 2288 conseq.
474 2207 554 2286 qubd
568 2207 646 2266 enim
661 2206 777 2286 publicb
788 2208 913 2268 minoris
922 2209 1025 2269 rende·

81 2296 175 2357 retur,
198 2287 266 2346 ideo
291 2297 345 2357 est,
370 2287 440 2365 quia
453 2285 543 2345 babet
563 2285 652 2345 etiem
672 2287 800 2365 pretium
816 2287 959 2366 vulgaret
980 2289 1026 2348 sed

83 2367 150 2426 otim
173 2367 246 2425 illud
261 2367 300 2424 sit
314 2365 502 2425 solummodo
521 2376 659 2444 respectu
683 2365 811 2437 illorum,
834 2368 887 2444 qui
910 2367 1027 2426 difficul-

81 2457 160 2506 tates
174 2446 273 2505 subire
284 2445 402 2516 debent,
419 2447 561 2504 utstatim
573 2445 684 2505 dictum
698 2456 753 2519 cst,
763 2456 926 2525 propterea
935 2447 1027 2507 locum

81 2544 141 2585 non
157 2527 246 2585 habet
261 2526 290 2584 in
305 2534 406 2584 nostro
421 2545 498 2584 casu.
997 2568 999 2573 ,

124 2604 195 2683 Obj.
217 2605 259 2664 ll.
280 2604 466 2664 ‘l'olishubet
480 2603 596 2683 justum
610 2604 728 2663 titulum
748 2604 871 2663 minoris
891 2605 1027 2665 emendi:

106 2682 246 2752 robatu1·;
266 2685 336 2764 quia
349 2684 400 2743 illo
419 2684 548 2743 amicitia
567 2685 615 2742 vel
625 2685 710 2743 favor
724 2694 770 2742 est
784 2685 891 2762 pretio
904 2686 1028 2743 metimu-

81 2702 159 2832 lilio,
172 2773 355 2861 ‘epoptetque
376 2763 414 2858 ad
434 2762 498 2856 ejus
512 2763 687 2822 industrium
701 2765 728 2821 ἃ
743 2763 847 2822 bonam
862 2764 1029 2834 fortunam

82 2853 638 3012 elli,llbldzilillldsdsldilliibrldrdllmddia
649 2922 721 2982 licet
735 2922 920 2992 admittatur,
942 2922 1029 2982 tolem

81 3001 240 3059 amicitiam
251 3001 462 3061 &industriam
477 3021 541 3060 esse
556 3003 652 3078 pretio
666 3001 869 3061 aestimabilem
883 3003 915 3059 in
927 3002 1030 3061 ordine

83 3078 120 3137 ud
141 3078 321 3156 acquirenda
341 3081 436 3139 officio
455 3081 588 3159 aliosque
607 3080 740 3149 favores3
761 3100 911 3162 nunquam
931 3092 1031 3140 tomen

82 3167 183 3236 potest
194 3178 259 3216 esso
268 3157 368 3235 justus
379 3160 493 3230 titulus,
507 3175 541 3218 ut
552 3171 710 3236 propterea
720 3160 819 3239 aliqua
828 3180 877 3219 res
888 3171 941 3218 aut
954 3161 1030 3219 actio

82 3237 181 3296 viliori
191 3238 287 3316 pretio
297 3250 422 3308 ematur,
429 3240 517 3318 quem
527 3240 594 3297 inse
601 3239 710 3310 valeat3
724 3239 934 3298 sedobservnri
944 3238 1032 3298 debet

83 3317 236 3395 sequalitns
246 3317 335 3395 pretii
344 3317 382 3375 ud
392 3338 529 3387 mercem,
541 3338 578 3376 ne
586 3318 716 3396 alioquin
727 3318 847 3396 justitia
856 3316 994 3377 laedatur.

122 3397 173 3454 Ex
187 3396 274 3455 dictis
288 3396 403 3473 collige,
425 3397 496 3478 quid
510 3397 665 3456 dicendum
680 3399 720 3456 sit
734 3398 770 3456 de
785 3398 929 3456 ministris
945 3397 1029 3455 Prin·

82 3475 180 3552 cipum
203 3479 229 3534 u
251 3475 435 3554 quostuariis
457 3475 583 3553 publicis
603 3478 726 3535 minoris
750 3476 916 3547 ementibus
931 3474 1031 3535 debito

81 3554 256 3633 l'rincipum
275 3557 301 3615 &
321 3556 567 3629 communitatum
586 3555 623 3615 ab
644 3576 746 3616 eorum
761 3553 974 3617 creditoribusr
998 3554 1029 3613 hi

80 3633 158 3694 enim
172 3636 254 3696 certo
268 3635 444 3715 injustitiam
458 3636 643 3699 committere
656 3637 805 3711 videntur,
839 3635 906 3695 oiim
920 3635 952 3695 vi
964 3634 1027 3696 offi-
1068 3718 1070 3729 Ι
