2160 4034
65 154 69 185 τ
85 128 146 196 224
483 148 671 195 uenerande

89 264 108 295 ‘⁶
122 254 197 315 tuaii
210 252 392 312 invasoris?
412 253 483 333 quia
502 254 528 313 si
551 254 671 314 invasor
691 254 731 313 sit
750 272 854 315 amens
866 252 916 313 vel
935 252 1032 329 obrius,
1053 242 1056 271 ²

75 335 143 414 -qui
157 334 249 393 suitur
263 352 329 391 ease
343 333 374 391 in
389 344 510 411 peceato
523 335 653 403 mortali,
667 340 692 395 ἃ
706 346 813 412 poetae
826 344 968 413 speretur
980 334 1033 413 ejus

90 411 278 492 peonitentia,
291 411 470 489 regulariter
481 412 616 472 illinitum
627 414 686 473 erit
695 413 786 474 telem
800 413 957 482 ooeidere3
976 415 1035 491 quia

79 491 235 555 ,debemus
249 511 304 569 pro
318 492 505 551 talianimam
517 512 640 570 ponere,
653 503 687 552 ut
694 492 804 553 dietum
817 503 864 553 eat
873 492 969 553 Num.
979 495 1035 553 lte.

78 582 110 619 -“
124 571 164 631 de
179 570 357 631 charitate?
502 626 505 631 ,
560 622 563 629 .
1073 584 1076 593 ·

131 651 183 708 An
193 650 264 708 lieet
278 658 382 709 eontra
395 649 538 728 injustum
549 650 717 711 invasorem
728 649 905 711 defensione
919 651 1037 713 omisivi

77 730 277 791 .tuerivitnm
290 730 445 807 proximi?
952 779 956 785 .

133 810 189 870 lv.
209 809 247 869 R·
269 810 329 867 Per
343 829 375 867 se
388 808 538 888 loquendo
551 809 743 877 affirmantium
762 810 834 891 quia
855 809 940 869 istud
960 813 1037 869 auxi·
1055 838 1070 879 r

89 889 163 949 lium
177 889 343 966 praestitum
358 889 496 966 proximo
508 888 610 947 invaso
624 898 671 947 est
679 889 805 966 justum,
819 889 942 949 oum-sit
955 910 1034 970 euop-
1052 895 1064 927 '³

91 969 170 1029 erari
185 967 269 1046 operi
282 968 364 1026 licito
378 968 517 1044 proximi.
1048 1012 1051 1035 :

130 1048 162 1107 N
164 1068 202 1107 on
215 1059 315 1107 tamen
330 1057 466 1106 tenemur
480 1066 534 1123 per
547 1066 580 1105 se
592 1046 741 1126 loquendo
761 1048 805 1106 ita
822 1047 986 1109 defendere
999 1050 1033 1108 vi·

91 1139 153 1187 tam
166 1127 297 1205 proximi
311 1127 414 1195 invasi,
439 1126 496 1185 nisi
520 1127 640 1185 invasus
657 1128 739 1187 foret
762 1139 856 1204 peter,
881 1138 980 1186 mater
991 1142 1032 1188 aut

78 1207 246 1286 proximus
259 1207 505 1282 consanguinem,
525 1205 573 1264 vel
588 1225 718 1283 persona
728 1206 899 1284 reipublicae
909 1206 1031 1268 multon
1046 1232 1054 1286 '.
1067 1235 1080 1256 τ

90 1286 183 1355 utilis,
199 1287 250 1343 &a
265 1287 341 1345 ratio
362 1295 445 1362 patet
459 1305 498 1344 ex
518 1284 607 1344 dietis
627 1286 713 1344 initio
727 1286 821 1347 Num.
834 1287 952 1347 scilieet
963 1289 1030 1379 quud

91 1366 155 1444 ipse
169 1365 288 1423 invasus
309 1384 368 1422 non
388 1374 526 1423 teneatur
539 1364 581 1423 sio
600 1364 760 1424 defendere
774 1365 866 1424 vitam
880 1384 1030 1443 proprian.
1045 1368 1052 1397 ·“

130 1445 213 1503 Hinc
227 1443 425 1504 communiter
438 1444 594 1502 resolvunt
607 1444 771 1515 Authores,
793 1445 957 1522 nequidem
967 1465 1029 1523 pra·
1046 1458 1049 1501 ἑ

89 1533 197 1594 torem,
211 1524 282 1582 lieet
296 1521 462 1600 exjustitia
475 1532 613 1582 teneatur
626 1522 787 1583 defendere
800 1526 893 1583 vitam
908 1524 1030 1585 subdito·
1057 1563 1059 1566 -

90 1623 168 1673 rum,
183 1601 309 1681 obligari
323 1623 389 1660 eum
400 1604 529 1681 propriae
543 1601 613 1661 vitae
626 1603 759 1680 periculo
774 1603 937 1662 defendere
950 1603 1029 1664 vitan
1046 1604 1052 1648 ἵ

88 1681 217 1819 pallieujus
229 1681 340 1761 privati
362 1681 473 1741 invasi:
493 1692 583 1762 atque
597 1682 640 1741 ita
653 1682 743 1741 habet
756 1685 922 1743 eommunis
936 1703 1028 1762 appre

112 1781 205 1822 ensro.
954 1816 957 1821 .
1067 1816 1077 1823 .

130 1843 182 1901 An
196 1852 316 1901 tenetur
326 1839 363 1899 ad
376 1840 609 1912 restitutionem,
622 1840 674 1921 qui
686 1834 829 1919 injustum
843 1841 914 1901 ritae
925 1840 1029 1903 inraso·

88 1940 153 1981 rem
168 1920 298 1979 oceidit?

131 2000 172 2060 V·
191 2001 230 2059 R.
252 1999 321 2057 Non
348 2007 477 2068 tenetur,
506 1998 531 2056 si
554 1998 745 2061 moderamen
772 2020 831 2059 non
860 2001 1030 2060 excesserit:

89 2078 172 2157 qudd
184 2078 208 2135 si
218 2076 406 2135 moderamen
418 2077 590 2147 excesserit,
605 2079 692 2138 aliter
701 2079 815 2138 scilieet
828 2082 917 2157 quam
933 2080 1032 2140 affeetu
1070 2100 1078 2151 ξ

86 2158 171 2216 mere
185 2156 312 2224 interno,
327 2155 495 2224 tenebitur-3
515 2157 586 2237 quia
600 2168 724 2217 eatenus
738 2169 785 2218 est
798 2160 909 2237 injusto
922 2159 1032 2219 oooisio.
1075 2162 1079 2173 '

127 2237 256 2295 Monent
277 2236 325 2294 De
351 2235 440 2315 Goon,
465 2236 575 2314 aliique
594 2237 670 2296 hano
683 2239 877 2320 quaestionem
897 2258 958 2297 non
973 2259 1031 2300 esse
1074 2250 1079 2289 ἑ

88 2315 207 2394 pubiioe
226 2314 409 2374 tractandam
424 2334 522 2374 eoram
536 2316 657 2394 populo,
681 2338 719 2376 ne
743 2318 878 2377 homines
900 2318 1032 2396 vulgares

88 2395 197 2454 dietam
207 2394 360 2454 occidendi
370 2394 520 2453 licentiam
531 2396 655 2455 nimium
665 2398 837 2468 extendant,
853 2408 884 2457 et
892 2398 963 2480 quia
973 2402 1033 2459 raro

86 2474 122 2533 fit
135 2475 199 2534 sine
212 2484 344 2554 peceato,
369 2494 435 2532 oum
456 2474 543 2534 facile
564 2475 725 2537 excedatur
737 2479 918 2558 requisitum
936 2479 1032 2540 mode·
1074 2514 1078 2523 ·

84 2572 198 2615 rumen.
296 2590 301 2597 -
600 2582 603 2587 ·

87 2711 128 2771 u.
151 2716 217 2773 ree.
258 2715 319 2773 na
345 2714 630 2777 uuunnsroun
656 2716 862 2778 oemsrvn
889 2678 1030 2779 onum
1071 2759 1080 2778 a.

252 2794 494 2854 rumorum
516 2795 869 2856 conservantem.
1074 2837 1077 2840 -

86 2910 112 2999 d.
125 2912 232 2973 Iilieitu
241 2923 283 2973 est
292 2916 391 2974 moisio
404 2917 544 3009 inuasorir
550 2916 709 3009 pudicitia.
750 2916 792 2976 ΙΙ.
811 2916 933 2978 Tenetur
943 2912 1030 2981 tornea

431 3005 691 3055 anuasueresmtere.
1061 3006 1066 3011 '

95 3112 170 3174 'AN
188 3112 261 3171 lieet
281 3131 313 3171 se
333 3113 495 3172 defendere
516 3133 581 3170 eum
604 3114 749 3173 occisione
780 3116 928 3176 invasoris
949 3120 1030 3197 pndi·
1058 3128 1070 3175 .“

86 3193 187 3252 eitiae?
615 3230 617 3233 ·
1058 3242 1062 3257 .

128 3271 152 3331 Ι.
174 3272 212 3330 R.
234 3270 389 3330 Sententia
409 3273 549 3348 negativa
567 3273 643 3331 siunt
667 3271 757 3330 hodie
776 3284 823 3332 est
840 3278 1030 3348 communior,
1057 3278 1064 3313 ²

86 3353 130 3412 ite
143 3351 233 3411 etiam
246 3349 346 3408 verior
360 3361 391 3408 et
404 3352 534 3427 practice
548 3351 676 3409 tenenda
690 3352 818 3411 videtur.
1059 3354 1069 3433 ‘p

126 3429 275 3506 Probatur
302 3430 347 3486 10.
365 3431 435 3505 quia
456 3430 600 3506 pudicitia
623 3431 671 3489 rei
694 3434 821 3490 sumitur
843 3453 899 3511 pro
922 3435 1032 3501 virtute
1061 3442 1072 3505 i

84 3511 194 3578 animi;
214 3515 240 3568 u
252 3507 364 3571 hueoab
378 3509 481 3567 invitis
494 3510 606 3568 auferri
616 3529 674 3568 non
689 3521 806 3589 potest:
827 3513 907 3572 unde
917 3513 1033 3576 dicebat
1075 3522 1079 3531 '

86 3591 116 3650 S.
139 3588 234 3647 Lucia
260 3598 404 3666 tyranno:
427 3589 459 3648 Si
480 3589 605 3648 invitam
625 3592 752 3665 jumeris
775 3592 890 3663 violari,
915 3596 1033 3656 metitus

84 3667 160 3729 mihi
172 3666 371 3748 duplieebitur
389 3666 427 3730 ad
448 3686 604 3767 eoronam:
626 3668 674 3733 rei
695 3671 824 3732 sumitur
835 3692 891 3753 pro
910 3672 1034 3755 integri-
