2160 4034
49 42 59 87 r

309 173 352 216 nu
370 171 452 223 suaa
472 171 515 214 ur
535 170 691 227 suerrum·
942 160 982 218 99

61 269 102 335 Β,
123 272 191 350 Qui
203 274 281 335 eitra
294 273 408 354 justam
422 293 539 345 caumm
552 277 650 353 primia
671 276 895 356 opportunitate
917 299 980 341 mo·

49 353 80 411 ui
92 355 260 415 restituere
272 365 325 414 aut
338 356 454 415 soluere
476 367 602 425 recusat,
617 356 641 413 si
653 370 741 416 antea
753 376 812 416 non
827 368 892 417 erat
914 380 982 437 pos·

49 452 122 492 uuor
136 435 226 494 maire
240 434 320 502 fidei,
335 433 400 513 jam
413 433 482 492 tulis
496 451 561 492 esse
575 435 689 514 incipit,
717 446 748 495 et
760 446 880 497 tenetur
892 440 982 499 titulo

49 510 145 590 pinsite
158 514 351 592 acceptionis.

64 591 91 651 1.
110 595 162 651 2⁰.
185 595 296 654 Peccat
309 602 412 653 contra
420 591 570 672 justitiam
584 598 824 656 commutativam
838 596 982 659 aduersus

49 671 221 732 rediturem.

63 750 229 811 Undeuam
243 762 423 831 aggravatur
436 756 483 814 vel
494 752 670 815 diminuitur
684 754 740 813 hoc
753 759 931 832 peccatum?

64 828 105 889 11.
127 831 171 890 R.
194 835 242 891 1⁰.
264 833 393 892 Ratione
407 834 528 912 majoris
544 833 588 892 vei
611 834 734 892 minoris
748 835 924 912 quantitatis
934 838 980 898 rei

49 909 231 982 ntituendue,
251 922 304 970 aut
327 911 484 972 solvendae.
524 916 573 973 20.
594 913 644 971 Ex
664 912 792 990 longiori
808 913 854 972 vel
871 915 980 975 minori

49 1008 116 1059 tora,
125 991 228 1068 magis
237 992 283 1051 vel
295 990 392 1051 minuis
402 990 550 1070 culpabili.
590 993 639 1049 30.
653 992 702 1050 Ex
711 1012 756 1062 eo,
768 992 851 1071 quod
862 992 981 1055 debitor

49 1069 118 1146 agis
133 1069 397 1148 commodepossit
407 1073 587 1142 satisfacere,
602 1080 633 1129 et
643 1071 774 1130 creditor
784 1071 880 1150 majus
890 1093 980 1133 nocu-

49 1157 163 1207 rentum
188 1150 332 1227 patiatur.
371 1152 420 1209 4⁰.
441 1151 492 1210 Ex
515 1171 561 1222 eo,
581 1151 661 1230 qudd
679 1151 811 1210 creditor
825 1153 920 1230 magis
934 1155 982 1216 vel

49 1226 122 1286 inuis
137 1228 181 1287 sit
194 1228 412 1289 rationabiliter
425 1231 546 1290 invitus.

55 1304 154 1378 Nota,
176 1320 332 1386 peccatum
360 1307 448 1379 illius,
477 1311 528 1388 qni
555 1309 621 1367 vuit
641 1310 801 1370 restituere
825 1313 980 1371 occasione

49 1385 114 1464 agis
128 1390 313 1466 opportuna,
328 1387 449 1466 sedjam
460 1390 571 1469 absque
581 1389 735 1449 sufficienti
744 1390 859 1450 ratione
869 1390 979 1462 differt,

49 1484 76 1525 tn
91 1465 168 1533 ideo
183 1486 303 1544 semper
317 1487 381 1526 esse
395 1469 531 1528 mortale.

56 1544 142 1618 Quid
153 1566 198 1604 ex
208 1547 404 1606 diuturnitate
415 1549 557 1626 temporis
568 1547 616 1606 hio
626 1558 672 1608 est
683 1548 918 1609 reflectendum?

53 1623 95 1684 R.
122 1624 218 1698 Qudd
231 1626 300 1684 talis
312 1627 454 1687 continno
474 1638 578 1705 peccet
600 1639 666 1687 toto
687 1628 739 1688 ilio
754 1639 900 1706 tempore,
918 1648 979 1710 quo

49 1721 76 1761 tn
88 1705 244 1782 proponit
254 1705 410 1764 efficaciter
422 1708 582 1767 restituere
596 1716 648 1765 aut
658 1707 784 1766 solvere.

55 1784 112 1841 An
122 1783 199 1843 talis
214 1804 304 1842 uuum
315 1797 366 1843 aut
377 1786 461 1863 plura
475 1796 596 1864 peccata
606 1787 765 1853 committit
776 1789 790 1847 ἓ

57 1862 125 1921 111.
149 1864 193 1923 R„
214 1863 274 1924 Vei
296 1866 456 1924 committit
480 1878 572 1924 unum
593 1876 747 1944 peccatum
768 1865 980 1938 continuando,

49 1942 101 2000 rod
116 1941 248 2021 singuiis
262 1945 419 2003 momentis
434 1945 540 2005 crescit
554 1946 671 2004 ratione
694 1945 861 2004 durationis
874 1958 905 2004 et
919 1965 980 2005 ma·

49 2021 92 2079 ris
106 2023 295 2093 nocumenti,
317 2024 397 2100 quod
412 2025 524 2085 diutius
537 2024 666 2086 infertur
680 2024 817 2091 domino:
839 2024 886 2083 vel
899 2045 979 2084 com·

48 2101 115 2159 ittit
142 2101 234 2180 plura
254 2122 379 2162 numero
401 2113 531 2181 peccatu,
553 2103 578 2162 si
593 2103 729 2162 voluntas
752 2102 864 2181 injusta
884 2105 977 2164 iuter·

49 2191 184 2259 uupatnr
197 2191 250 2240 aut
261 2193 430 2242 renovetur.

54 2259 181 2321 Volunt
205 2261 335 2340 quidam,
364 2263 444 2344 quod
468 2262 587 2342 quoties
607 2260 697 2322 habet
719 2262 903 2322 voluntatem
927 2283 978 2322 ex·

49 2359 155 2399 eseam
171 2361 231 2399 non
245 2342 431 2414 restituendi,
453 2344 543 2402 toties
565 2362 690 2401 numero
712 2342 889 2420 multiplicet
908 2361 977 2420 pec·

49 2428 117 2477 utum
144 2439 234 2478 suum
257 2420 374 2499 injustae
398 2422 596 2501 acceptionis;
624 2422 701 2489 ratio
726 2431 780 2490 est,
802 2421 881 2500 quod
908 2422 977 2482 talis

49 2497 187 2558 >luntatis
202 2510 284 2558 actus
299 2501 458 2562 secuuddm
470 2522 501 2562 se
513 2503 552 2561 sit
562 2521 665 2562 verum
677 2510 838 2578 peccatum,
853 2510 885 2560 et
895 2502 976 2560 vide-

49 2579 274 2656 nrdisparatus
297 2579 333 2638 ab
356 2581 470 2640 actibus
494 2580 739 2660 procedentibus.
779 2579 849 2639 Hoc
862 2588 977 2638 eertum

49 2667 73 2728 a,
87 2659 173 2736 qnod
189 2659 214 2717 si
223 2659 306 2735 prior
316 2660 393 2718 mala
406 2661 542 2722 voluntas
555 2661 647 2719 fuerit
658 2661 833 2735 interrupta,
848 2670 920 2717 tunc
929 2679 976 2729 re·

49 2739 154 2815 emptio
163 2738 251 2797 istius
259 2740 342 2799 malae
355 2739 516 2807 uoluntatis
526 2739 687 2799 constituat
696 2757 804 2808 novum
815 2749 977 2814 peecatum.

59 2817 261 2891 Quandonam
285 2818 336 2878 illa
360 2820 436 2878 mala
450 2821 585 2879 voluntas
604 2817 757 2877 detinendi
780 2816 909 2876 alienum
933 2819 975 2876 sic

49 2897 261 2974 corrumpitur,
281 2908 315 2956 ut
326 2898 377 2960 fiat
390 2919 514 2959 numero
535 2899 868 2974 distinctumpeccatum
881 2899 896 2956 Ρ

54 2975 974 3055 R.1⁰.Quotiesconuipitvoluntatem,seupropositumefficax

49 3056 210 3125 utituendi,
222 3058 370 3123 etiterum
380 3059 505 3116 resumit
516 3057 698 3116 voluntatem
711 3075 771 3113 non
786 3056 973 3114 restituendi.

58 3137 106 3192 20.
130 3136 261 3209 Quoties
284 3137 455 3214 supervenit
474 3157 562 3195 cansa
575 3139 593 3194 ὲ
607 3135 797 3194 restitutione
821 3154 973 3206 excusans,

56 3233 84 3290 g.
99 3215 293 3291 impotentia,
303 3216 393 3282 modo
407 3228 506 3275 tamen
521 3228 591 3275 tunc
605 3235 663 3274 non
675 3214 896 3272 continuaverit
905 3235 973 3292 pro·

49 3293 148 3352 tritum
160 3313 222 3351 non
236 3295 423 3364 restituendi,
444 3295 561 3354 etiamsi
575 3305 681 3372 potens
692 3303 771 3357 esset
786 3292 832 3355 vel
846 3294 941 3354 fieret.

54 3373 127 3432 Non
141 3373 266 3431 videtur
280 3373 336 3432 hoc
358 3377 508 3452 peceatum
534 3373 724 3450 multiplicari
745 3374 860 3433 ratione
875 3375 970 3431 somni

51 3452 202 3514 tulterius
212 3452 412 3512 distractionis
421 3452 671 3532 supervenientis;
683 3471 737 3510 nec
746 3452 834 3509 etiam
844 3472 898 3528 per
906 3453 972 3525 hoc,

49 3532 96 3590 iod
111 3530 246 3609 injustus
259 3532 398 3592 detentor
406 3552 516 3594 novum
527 3543 624 3591 actum
636 3530 811 3608 injuriosum
823 3531 899 3588 circa
907 3553 973 3591 rem

49 3630 144 3669 uenam
162 3613 293 3683 omittat,
321 3633 349 3673 v.
367 3632 397 3690 g.
411 3632 476 3677 eam
491 3611 605 3674 cautius
619 3607 822 3680 custodiendo,
850 3608 974 3670 abscon·

51 3689 302 3766 ndo,alienundo,
308 3692 498 3765 destruendo,
507 3692 628 3753 domino
639 3689 753 3771 petenti
764 3689 909 3767 negando,
920 3697 980 3755 &e-

97 3787 174 3829 von.
185 3787 220 3830 11.
506 3789 519 3831 1
