2160 4034
369 161 681 228 nuxccrrssermus.
958 147 1015 212 2⁷]

96 262 217 326 Horum
231 264 323 343 aliqui
337 275 406 324 sunt
420 265 558 335 infantes,
572 265 684 324 scilieet
697 283 790 343 usque
800 265 839 324 ed
849 267 1008 345 septimum

55 346 153 404 etatis
166 365 275 405 annum
289 345 466 422 completum
478 368 487 404 ι
506 344 558 403 alii
570 344 701 404 infantiae
717 345 855 423 proximi,
879 367 1006 425 quorum

57 436 125 484 etas
141 424 265 502 propior
278 435 324 482 eat
337 424 479 494 infantiae,
499 441 587 501 quam
611 423 778 502 pubertati:
801 425 852 482 alii
866 425 1005 485 dicuntur

56 504 187 580 proximi
198 504 360 582 pubertati,
383 502 505 563 maseuli
519 504 640 591 quidem
652 511 721 581 post
734 522 841 562 annum
855 504 1004 564 decimum

56 602 117 642 eum
132 583 270 651 dimidio,
282 582 401 641 feminea
415 594 484 660 post
495 601 605 641 annum
618 601 730 642 nouum
744 602 811 640 oum
825 583 958 643 dimidio.

90 663 138 722 11.
152 661 300 722 Pubertas
310 663 413 740 incipit
423 665 452 720 in
462 662 598 721 masculis
608 662 756 740 completo
767 662 881 721 decimo
895 670 1003 745 quarto

55 760 142 813 anuo,
168 743 199 799 in
222 741 341 800 feminis
355 741 503 821 completo
516 741 700 801 duodecimo.
741 741 852 800 Postea
864 741 1002 802 dicuutur

52 821 184 881 minores
198 840 250 880 seu
263 822 452 880 minorennes
465 820 605 901 usquead
613 820 792 899 completum
801 840 908 879 aunum
918 823 1000 900 rige·

51 900 160 960 simum
171 901 316 978 quintum,
330 921 369 959 ex
382 920 442 980 qao
455 901 600 978 incipiunt
613 899 671 958 dici
685 897 822 977 majores.

87 979 152 1039 ΙΙΙ.
175 979 301 1057 Pupillis
311 980 399 1038 datur
408 990 499 1050 tutor,
522 979 686 1038 minoribus
700 987 827 1038 curator.
859 979 999 1040 Officium

49 1059 161 1118 tutoris
175 1057 277 1117 linitur
290 1058 464 1136 pubertater
484 1059 639 1128 curatoris,
662 1056 810 1137 completo
824 1078 901 1118 anuo
914 1060 998 1137 vige-

49 1138 126 1198 simo
140 1139 255 1216 quinto.
295 1137 397 1197 Hodie
407 1148 505 1196 tamen
516 1137 625 1216 passim
633 1148 785 1216 receptum
796 1148 853 1209 est,
861 1148 896 1197 ut
904 1138 998 1198 tutela

49 1236 107 1276 non
131 1218 254 1276 finiatur
272 1215 439 1295 pubertate,
461 1216 559 1276 sedin
574 1217 733 1276 curatelsm
755 1217 850 1296 (inter
863 1237 951 1298 quam
965 1228 997 1277 et

49 1297 173 1356 tutelam
187 1316 265 1355 nune
288 1297 439 1356 distinctio
460 1297 512 1354 vix
525 1295 710 1375 agnoscitur)
735 1293 876 1368 transeat,
903 1297 994 1356 etiam

49 1378 206 1436 sine-novo
220 1374 349 1434 decreto.

85 1454 144 1516 IV.
164 1455 302 1514 Moribus
315 1455 425 1528 nostris
436 1454 553 1532 expirat
565 1455 661 1515 tutela
670 1465 739 1514 ante
748 1474 858 1514 annum
871 1457 920 1514 25.
939 1460 995 1534 pei·

49 1535 272 1594 Matrimonium
285 1537 310 1592 &
322 1532 451 1593 Ordines
462 1553 578 1593 sacros:
593 1534 727 1612 intellige
735 1533 834 1613 quoad
847 1534 994 1594 bonorum

49 1613 341 1682 administrationem,
354 1633 413 1672 non
428 1615 471 1672 ite
483 1614 647 1690 generatim
659 1614 757 1693 quoad
768 1613 992 1673 distractionem

48 1693 227 1772 prcediorum
241 1712 294 1750 seu
317 1691 521 1761 immobilium,
549 1703 582 1751 ut
596 1692 699 1751 videre
713 1704 759 1752 est
772 1693 851 1769 apud
866 1692 992 1752 Christi·

49 1791 143 1831 nteum
154 1772 192 1830 ad
201 1770 428 1831 consuetudines
439 1771 580 1831 Mecblin.
591 1771 638 1831 tit.
651 1774 697 1829 19.
705 1783 761 1832 art.
774 1774 823 1830 27.
853 1771 937 1830 Idem
946 1777 992 1830 est

49 1851 85 1912 de
102 1852 150 1922 iia,
171 1852 221 1930 qui
236 1850 274 1909 ob
289 1861 485 1910 mercaturam
506 1850 615 1909 aliasve
639 1864 742 1910 causas
764 1849 852 1909 citius
873 1851 991 1909 veniam

49 1931 143 1991 etstis
157 1931 360 1999 obtinuerunt,
382 1941 415 1988 ut
429 1928 519 1989 babet
531 1929 610 1989 idem
624 1930 751 1988 articulo
766 1933 813 1988 28.

84 2009 222 2069 Moribus
236 2029 355 2088 quoque
369 2009 510 2087 Belgicis,
524 2007 696 2079 minoribus,
711 2009 802 2069 etiam
815 2008 926 2080 iuvitls,
941 2029 992 2067 eu·

49 2100 127 2149 retor
141 2089 247 2148 datur:
268 2108 302 2148 ac
325 2089 415 2147 etiam
439 2088 567 2147 officium
590 2087 691 2147 tutelee
706 2089 849 2168 ceurpetit
871 2088 990 2168 parenti

50 2188 78 2228 su
98 2168 207 2229 erstiti.

79 2188 144 2306 1ilis
157 2247 327 2326 premissis,
348 2247 500 2325 quaritur,
521 2265 675 2326 quousque
689 2247 795 2325 pupilli
808 2256 839 2307 et
858 2248 989 2306 minores

50 2327 279 2386 habilessinted
294 2326 554 2386 contrahendum?
604 2370 608 2377 ,
640 2372 667 2379 ..
726 2372 731 2379 .
900 2320 919 2379 .'
962 2372 987 2381 ..

80 2407 119 2468 V.
134 2406 173 2466 R.
188 2407 309 2483 Pupilli,
317 2406 448 2465 nondum
459 2405 579 2482 expleto
591 2404 756 2483 septennio,
764 2404 909 2469 inbabile'e
918 2415 988 2465 sumt

49 2487 78 2546 ed
87 2497 258 2545 conmeatus
272 2486 392 2554 civiles;
406 2485 476 2562 quia
489 2485 537 2543 vel
550 2484 627 2542 ratio
642 2485 714 2561 ipsis
728 2482 822 2554 deest,
835 2485 884 2545 rel
897 2485 987 2544 nimis

49 2566 228 2625 infirmaest:
249 2566 328 2625 unde
343 2563 393 2623 lib.
416 2567 485 2623 inst.
506 2567 535 2623 3.
556 2564 604 2625 tit.
627 2564 715 2702 top.
732 2565 796 2624 Suu
810 2581 897 2630 ouen
917 2564 985 2626 “de

49 2645 224 2704 “inutilibus
238 2643 492 2723 stipulationibus”
507 2643 634 2702 dicitur:
649 2650 667 2681 “
697 2642 781 2702 asans
792 2653 823 2702 et
834 2643 884 2720 qui
894 2642 988 2702 inlan-

49 2726 117 2784 “tice
131 2725 286 2802 proximus
300 2734 355 2793 est,
383 2743 442 2781 non
463 2722 747 2782 multumafurioso
762 2721 895 2792 distant;
915 2724 986 2824 puin

49 2804 241 2882 “hujusmodi
257 2805 354 2863 aetatis
364 2803 469 2882 pupilli
478 2803 590 2863 nullum
606 2801 716 2860 babent
729 2801 940 2861 intellectum'

79 2885 139 2943 His
146 2882 245 2942 verbis
254 2882 414 2961 significari
425 2881 688 2960 videtur,pupillos
695 2881 826 2941 infantiae
831 2883 986 2959 proximos

49 2964 127 3022 otiam
143 2962 287 3022 inhabiles
298 2983 363 3022 esse
376 2962 415 3021 ad
428 2961 679 3021 contrabendum:
694 2960 830 3036 Herincx
843 2972 943 3021 tumen
958 2965 985 3022 dr

49 3043 169 3101 billuart
181 3054 312 3112 censent,
336 3043 390 3100 bos
404 3040 502 3100 valide
515 3040 690 3099 contrahere
710 3039 740 3098 in
755 3058 840 3099 suum
855 3061 984 3102 comme-

49 3123 124 3192 lum3
139 3124 209 3200 quia
221 3122 330 3181 ibidem
345 3120 501 3180 subditurr
521 3120 612 3179 “Sed
634 3121 664 3177 in
680 3120 825 3196 proximis
848 3121 982 3181 infautia

49 3212 56 3240 ⁴
68 3213 194 3281 propter
207 3203 366 3260 utilitatem
381 3216 493 3271 eorum,
515 3199 672 3278 benignior
680 3197 759 3277 juris
772 3181 982 3279 interpretatio

49 3282 148 3340 ‘facte
174 3291 242 3350 est;
272 3293 306 3340 ut
332 3281 411 3341 idem
440 3280 518 3359 juris
552 3278 689 3350 babeant,
723 3279 801 3361 quod
828 3279 980 3358 puber-tuti

49 3369 54 3398 ³
87 3359 225 3419 roximi.’'
981 3374 985 3381 ·

65 3376 133 3501 le.
155 3441 331 3499 Centractus
345 3439 412 3498 initi
425 3438 490 3498 sine
500 3437 682 3498 authoritate
692 3437 800 3497 tutoris
811 3457 875 3496 cum
884 3437 986 3516 pupil-

49 3521 237 3598 i'tpupertati
261 3520 414 3598 proximis,
441 3517 646 3597 puberibus&
665 3516 887 3576 minorennibus
911 3527 981 3576 eunt
1037 3536 1043 3563 .-

49 3598 146 3658 ulidie
169 3601 214 3658 1⁰.
237 3600 268 3660 si
283 3599 342 3656 sint
356 3600 386 3657 in
400 3599 532 3678 ipsorum
550 3598 746 3657 commodum.
767 3599 814 3653 20.
836 3595 990 3656 Sirenem

49 3689 187 3741 eutructu
200 3679 310 3741 tradita
320 3679 456 3759 ipserum
469 3677 538 3817 peip
552 3677 710 3739 interierit.
730 3677 778 3734 8⁰.
800 3675 832 3734 si
846 3687 983 3737 contrae-

1033 3568 1043 3607 l
