2160 4034
328 136 372 181 nn
389 136 471 187 saar
490 135 533 183 an
550 136 706 184 aurarum.
929 122 990 183 235

61 242 208 323 quamdiu
221 242 252 313 in
265 252 353 315 utero
366 252 423 313 eat,
449 263 551 305 carere
571 244 669 305 anime
689 242 844 312 rationali;
870 251 902 303 et
914 252 985 305 tunc

49 324 196 403 'primum
208 322 340 399 incipere
352 321 463 393 habere
476 323 610 393 eandem,
638 343 705 383 cam
718 324 842 402 peritur,
870 342 905 381 ao
918 343 988 383 oon·

60 400 404 505 aequanterndicendanr
426 402 493 472 erit,
514 402 545 460 in
565 402 647 463 nullo
667 403 775 465 aborta
794 401 987 462 homicidium

59 482 223 543 committi.

68 562 135 621 ΠΙ.
160 562 313 635 Quantum
326 559 365 619 ad
378 578 480 637 poenae
503 559 705 632 incurrendae,
732 570 767 623 ut
780 559 852 640 quid
865 560 941 619 certi
955 560 986 623 iu

49 641 119 711 taxi
132 641 288 709 habeatur,
302 639 629 715 communiteroeneent
639 641 803 710 Autharcr,
814 658 864 703 eta
874 640 987 699 incurri

55 729 245 799 procurante
257 719 394 779 abortum
408 728 477 796 port
489 719 747 799 quadragesimam
761 720 849 789 diem,
857 739 987 811 ,concop-

49 800 170 871 oniasi
187 796 397 869 aitmaacuiut,
417 806 448 857 et
470 806 540 875 post
562 799 776 876 octogesimum
799 799 879 859 diem
899 798 925 859 ai
942 809 982 861 ert

49 879 161 951 omelia,
172 880 199 937 ih
210 876 260 937 uhi
270 876 433 948 dubitatur,
448 886 549 946 atram
562 878 601 939 ait
610 897 674 939 mas
684 898 722 939 aa
735 877 864 948 femella,
875 897 986 955 preasu-

49 959 125 1019 ritur
138 977 206 1019 cane
218 976 281 1017 mae
303 976 359 1035 pro
379 956 447 1015 foro
461 957 667 1019 conscientia:
694 958 770 1017 hanc
782 976 847 1017 esse
868 956 986 1035 praxim

49 1054 59 1098 ’.
76 1037 316 1111 Poenitentiarim
334 1044 462 1095 testatur
476 1035 508 1099 N
509 1056 633 1103 ararrna
646 1038 676 1095 in
691 1037 788 1099 nediu
801 1036 988 1117 multquue

49 1129 180 1187 ornatus,
201 1116 239 1177 ad
251 1117 300 1175 tit.
318 1122 339 1153 ⁴‘
351 1114 389 1175 de
404 1114 594 1175 Homicidio”
614 1116 674 1196 leg.
687 1119 716 1177 5.
737 1116 862 1183 concilio
873 1118 922 1177 42.

69 1197 127 1257 An
139 1195 299 1278 aliquando
312 1193 383 1253 iicet
393 1213 554 1272 procurare
568 1194 729 1259 ohortum?

70 1276 132 1339 IV.
154 1276 193 1336 R.
207 1274 369 1334 Directdot
382 1293 421 1332 ex
430 1274 594 1335 intentione
605 1294 764 1355 procurare
778 1275 926 1345 abortum,
940 1283 987 1335 est

49 1354 243 1421 nmsaimnm
254 1365 417 1433 peccatum,
432 1353 497 1411 sive
511 1353 601 1413 foetae
615 1356 763 1419 animatur
773 1357 822 1425 eit,
842 1355 905 1415 eive
919 1374 993 1414 uon.

73 1434 245 1507 Probatur:
274 1434 344 1514 quia
365 1451 525 1510 procurare
549 1433 687 1495 abortum
707 1445 855 1514 repugnat
877 1433 989 1512 speciei

49 1534 171 1573 umento
184 1524 215 1573 et
229 1512 354 1581 naturali
369 1512 421 1569 fini
435 1513 565 1584 neminis,
580 1513 660 1592 quod
674 1534 714 1577 ex
734 1533 766 1577 se
779 1514 934 1575 ordinatur
948 1512 989 1571 ad

49 1595 270 1672 pudentianam,
295 1591 403 1671 speciei
418 1590 552 1651 humanae
565 1594 809 1671 propagationem
824 1613 859 1653 ao
871 1612 990 1651 conser-

49 1674 205 1741 ationem;
225 1672 359 1752 adeoque
382 1673 471 1739 sicuti
490 1684 650 1749 propterea
673 1672 797 1749 pollutio
811 1691 928 1747 semper
942 1681 989 1731 est

49 1751 248 1823 ilicita,multd
263 1753 357 1829 magis
370 1770 488 1828 sempor
496 1751 599 1810 illicita
609 1752 668 1810 erit
681 1752 849 1829 procuratio
858 1750 990 1810 abortiis.

75 1833 158 1891 Hinc
170 1831 280 1891 merito
298 1829 488 1891 Innocentius
501 1830 560 1889 XI.
574 1830 726 1891 damnarit
739 1830 815 1889 hanc
824 1830 986 1907 propositi·

49 1931 124 1971 ruem
137 1930 218 1969 num.
232 1911 281 1968 at.
321 1917 339 1946 “
352 1909 439 1965 Licet
459 1926 618 1983 procurare
643 1909 779 1967 abortum
794 1920 863 1968 ante
877 1909 988 1967 anima·

49 2004 58 2029 t
70 1993 183 2051 tionem
196 1989 304 2057 foetds3
326 2006 363 2047 ne
376 1985 477 2064 puelia
490 1987 675 2065 deprehensa
694 1988 818 2065 gravida
838 1987 989 2047 occidatur

49 2080 61 2111 ¹‘
72 2081 125 2131 aut
137 2067 324 2143 infametur.”

77 2151 129 2209 Aa
138 2146 309 2227 procuratio
318 2146 440 2207 abortiis
455 2157 500 2205 eat
515 2146 635 2224 proprie
649 2145 760 2205 dictum
771 2146 989 2209 homicidium?

79 2230 119 2289 R„
135 2230 167 2289 si
178 2228 267 2286 fmtua
281 2227 322 2285 ait
334 2226 491 2296 animatae,
502 2225 592 2284 dubie
606 2236 652 2285 eet
663 2225 855 2285 homicidium
866 2226 987 2305 proprie

49 2309 161 2381 dictum,
185 2317 216 2366 et
234 2304 355 2384 quidem
368 2307 452 2365 tanto
472 2305 604 2383 gravius,
631 2305 712 2382 quod
724 2306 853 2364 animam
867 2305 989 2366 infantie

49 2390 159 2466 insuper
183 2385 365 2445 eternaliter
388 2386 513 2462 perdere
536 2395 639 2444 natum
662 2384 711 2443 eit.
762 2385 869 2462 Itaque
896 2385 987 2445 talem

49 2468 176 2535 abortum
191 2484 361 2543 procurans,
369 2463 404 2523 fit
415 2464 560 2525 obnoxiae
569 2463 784 2541 irregularitati
804 2464 991 2544 aliisqueho·

49 2546 152 2619 nicidii
166 2545 270 2624 poenis.

79 2626 113 2689 si
125 2626 216 2693 fretun
229 2645 287 2685 non
302 2624 504 2694 aitanimatun,
533 2622 628 2705 (qaod
642 2642 759 2700 semper
770 2623 914 2683 incertum
928 2625 991 2706 ost)

49 2726 97 2779 aop
107 2716 156 2779 est
170 2704 359 2765 homicidium
375 2704 495 2783 proprie
504 2702 626 2795 d'ictirm,
635 2703 687 2763 eod
701 2712 816 2761 tantum
825 2702 992 2795 reductive,

49 2796 241 2923 thihhh
254 2783 653 2941 ¹f⁰0h¹ihihi⁰ihih¹2
664 2782 872 2925 333¹.ssssth
884 2787 992 2940 {ihi

49 2943 554 3007 ranaalemcbonumcommiueret
579 2941 991 3017 uidempecoatuminmalitiu

49 3023 141 3097 rimile
155 3022 323 3092 homicidio,
338 3042 440 3100 poenaa
453 2964 720 3083 tamendromicidii
733 3041 791 3079 non
806 3022 982 3083 incurreret.

79 3106 132 3177 Aa
148 3102 252 3163 saitem
264 3103 402 3161 nonlicet
416 3121 536 3161 causare
551 3101 688 3160 abortum
703 3100 870 3160 indirecte?

80 3183 121 3245 V.
135 3183 176 3243 R.
197 3182 389 3260 Regulariter
402 3192 505 3259 peccat
518 3181 660 3259 graviter,
681 3181 732 3258 qui
746 3180 819 3239 facit
833 3181 873 3249 id,
884 3201 923 3240 ex
931 3202 990 3259 quo

49 3262 213 3343 previdere
228 3272 326 3339 potest
340 3273 371 3320 et
382 3260 471 3320 debet
482 3270 651 3319 secuturum
663 3259 810 3330 abortum,
824 3259 895 3319 licet
909 3260 994 3318 illum

49 3362 101 3403 aon
116 3340 254 3403 intendat
267 3340 448 3407 formaliter3
476 3340 546 3417 quia
559 3338 681 3399 abortus
695 3340 738 3398 ite
751 3348 868 3399 secutur
881 3349 927 3395 ert
941 3358 993 3397 vo·

49 3422 190 3481 lantoniae
203 3420 234 3479 in
249 3439 344 3490 cauea,
353 3421 410 3479 nisi
424 3419 501 3479 ratio
512 3421 612 3495 gravia
623 3419 754 3497 ponendi
768 3418 858 3477 talem
873 3436 993 3479 cansam

49 3511 177 3563 excuset.

85 3580 168 3639 Hinc
178 3599 230 3638 rea
243 3588 289 3639 ert
309 3577 431 3638 abortire
456 3596 556 3637 corum
571 3577 640 3637 Deo
660 3576 767 3637 mulier
780 3576 880 3633 ferens
891 3580 995 3653 gravia

49 3659 187 3739 pondera,
215 3658 381 3718 inordinate
403 3658 550 3793 loborang,
570 3655 696 3717 nimidm
709 3655 827 3727 saltone,
848 3655 994 3719 violenter

486 3754 507 3794 a
