2160 4034
124 151 185 210 let
519 163 708 209 ruecrnrea

106 332 108 338 s
123 271 156 330 iu
169 268 329 350 parronam
339 265 462 338 domini,
475 269 539 328 aire
549 268 686 328 daminus
699 265 834 329 exterit·
846 266 999 326 renitetur
1010 267 1078 342 niret

123 369 184 410 non
205 349 353 409 mutatur
367 350 407 408 ob
420 349 636 426 impotentiam,
657 359 769 408 menum
783 357 836 407 eut
853 344 1069 423 vererundia.¹

165 429 221 488 An
231 430 335 506 rapina
349 429 447 506 specie
461 429 563 487 differt
576 431 595 486 a
607 429 714 489 furto?

166 507 226 567 xl.
246 509 285 568 R.
307 509 512 568 Affirmative:
533 507 605 585 quia
617 507 689 566 lieet
702 515 869 585 repugnent
882 503 992 564 virtuti
1007 502 1021 583 J

123 588 200 647 cirne
212 587 317 646 eodem
332 589 429 657 modo,
444 604 552 665 nempe
566 606 619 665 per
633 588 791 655 defectum,
806 593 1007 663 repugnante
1072 601 1074 611 ·

122 666 193 726 dem
207 665 261 726 sub
276 667 530 737 dinumeratione,
555 686 621 725 cum
643 668 673 725 iu
694 667 798 744 rapina
811 663 995 724 interveniet
1075 677 1078 687 ’

123 747 206 805 cielie
219 745 328 827 injuria
341 747 372 804 iu
387 748 548 816 dominum,
566 757 690 824 propter
703 745 872 883 adpunctam
887 742 990 803 rioleu
1004 742 1011 757 ’

163 824 249 920 Hine·
259 838 411 905 peccatum
431 828 546 905 rapine,
563 824 653 885 debet
672 846 742 905 spec
753 826 826 884 atim
840 824 871 884 iu
885 822 1030 883 conterno

122 923 261 984 exprimi.
1047 921 1052 927 ·

124 1063 166 1122 u.
185 1065 233 1122 ee
276 1064 335 1123 uu
356 1062 617 1126 autumare
644 1060 831 1122 euocari
853 1013 1078 1143 anemuri

503 1142 694 1203 narrum.

1065 1244 1078 1295 l

381 1288 416 1348 S·
434 1283 641 1366 nemeaea
655 1291 771 1347 tuan.
785 1289 813 1346 6.
977 1321 980 1326 -
1067 1308 1078 1379 ᾗ

125 1402 152 1461 Ι.
170 1405 297 1466 Furtum
316 1407 341 1481 ὃς
363 1377 469 1484 rapina
486 1410 627 1482 inponere
644 1407 785 1466 mortalia.
828 1403 869 1463 ll.

83 1496 89 1510 ·
162 1485 295 1543 venialia.
338 1484 397 1544 lll.
430 1487 583 1559 Quantitas
602 1488 725 1544 materie
751 1486 794 1543 ud
807 1484 926 1563 furtum
946 1482 1066 1545 moruile·

41 1565 42 1570 '
165 1558 221 1623 lV.
243 1560 361 1642 Sttffieit
371 1567 541 1642 stipendium
549 1567 685 1624 diurnum
698 1564 805 1624 honesti
817 1565 951 1642 operarii.

165 1678 387 1756 QUANTUM
401 1696 552 1761 peccatum
564 1695 609 1744 eet
619 1685 731 1744 furtum
745 1686 771 1743 &
785 1684 910 1762 rapina?

164 1761 191 1820 Ι.
211 1762 249 1832 R.
271 1763 347 1823 Sunt
361 1775 481 1839 peccata
494 1785 533 1824 ex
546 1785 657 1842 genere
670 1785 724 1824 auo
738 1763 884 1823 mortalia.
920 1761 1074 1824 Probatur

124 1858 164 1900 ex
180 1843 206 1899 1.
222 1841 260 1900 ad
275 1842 409 1901 Corinth.
422 1863 487 1920 cap.
500 1846 529 1902 6.
547 1843 736 1904 ubidicitur:
758 1854 776 1881 “
788 1844 895 1945 Nepae
907 1840 1072 1907 turenae.

125 1929 144 1957 “
157 1939 253 2000 neque
267 1941 387 2000 rapaces
402 1922 540 1999 Regnum
555 1923 613 1982 Dei
629 1923 847 2002 possidebunt?
877 1922 988 1982 deiude
1005 1942 1076 2001 gra·

121 1998 203 2057 -viter
215 2010 383 2078 repugnant
397 2002 534 2061 charitati
548 2002 710 2081 &justitiae
724 2002 863 2082 proximi,
885 2002 1078 2084 tenduntque

124 2076 162 2136 ad
176 2079 368 2138 evertendam
382 2100 567 2140 communem
581 2103 693 2160 pacem.

166 2157 237 2236 Obj.
259 2159 348 2217 Prov.
369 2179 431 2238 cap.
445 2163 474 2218 6.
488 2161 527 2222 V.
546 2165 593 2219 80.
612 2162 737 2220 dieitur:
759 2169 777 2198 “
789 2160 859 2219 Non
879 2160 1006 2237 grandia
1026 2173 1074 2222 eet

124 2244 142 2273 ‘⁴
157 2233 251 2315 culpa,
266 2258 330 2296 cum
346 2239 411 2319 quis
425 2239 540 2299 furatur
554 2242 661 2311 fuerit;
680 2240 797 2300 furatur
813 2239 902 2310 euim,
922 2251 957 2300 ut
977 2241 1069 2303 esuri·

122 2324 141 2352 ‘¹
156 2325 254 2374 entem
268 2319 390 2395 impleat
399 2319 556 2378 ‘animam'’
1074 2312 1078 2412 J

162 2395 201 2456 R.
223 2396 253 2456 S.
275 2397 381 2456 Thom.
399 2400 446 2458 ad.
462 2402 488 2458 1.
508 2398 702 2469 “dicendum,
723 2399 803 2480 quod
824 2399 939 2459 furtum
958 2398 1078 2479 dicitut5

121 2482 141 2512 ‘¹
156 2495 215 2534 non
229 2477 350 2554 grandis
364 2478 449 2555 culpa
459 2478 568 2556 duplici
578 2479 710 2538 ratione:
734 2480 779 2537 10.
797 2480 927 2556 Propter
938 2480 1078 2545 necea-1

122 2564 141 2593 “
155 2566 247 2614 tatem
261 2557 450 2616 inducentem
464 2559 500 2616 ad
515 2559 682 2627 furandum,
697 2578 761 2638 quae
775 2559 915 2617 diminuit
928 2557 976 2616 vel
991 2558 1077 2617 tota-¹

122 2644 141 2674 “
153 2634 224 2694 liter
241 2637 321 2695 tollit
341 2637 467 2715 eulpam,
487 2648 522 2696 ut
541 2637 618 2696 iufra
638 2638 762 2697 dicetur.
804 2638 891 2698 Unde
912 2637 1060 2697 subditur:

121 2724 140 2754 “
154 2723 162 2752 ‘
174 2715 304 2774 Furatur
318 2717 407 2787 enim,
426 2728 460 2775 ut
480 2718 659 2776 esurientem
673 2717 794 2795 impleat
808 2716 954 2776 animam?
995 2717 1060 2777 Alio

120 2801 139 2832 ‘¹
152 2794 242 2852 modo
257 2795 365 2854 dieitur
374 2797 487 2855 furtum
500 2818 558 2857 nou
573 2817 638 2856 ease
651 2797 772 2876 grandis
786 2797 871 2874 culpa
884 2817 939 2874 per
949 2815 1061 2874 compe·

119 2880 139 2910 “
152 2874 299 2932 rationem
319 2875 356 2933 ad
376 2876 571 2936 adulterium:
592 2877 672 2939 unde
685 2876 822 2936 subditur
835 2877 872 2935 de
886 2877 962 2946 fure,
983 2875 1062 2955 quod

119 2959 139 2990 “
153 2951 354 3030 deprehensus
372 2956 479 3015 reddet
495 2957 680 3036 septuplum:
701 2957 751 3038 qui
765 2966 863 3015 autem
878 2955 996 3035 adulter
1011 2967 1060 3027 oet,

119 3039 139 3069 “
148 3032 255 3109 perdet
268 3035 394 3092 animam
409 3037 517 3094 auam.”

121 3120 122 3125 ’
160 3111 383 3190 Quotuplielter
397 3125 496 3192 potest
509 3115 621 3173 furtum
636 3114 700 3173 fieri
715 3114 852 3173 veniale?
1044 3157 1047 3161 ›

160 3180 202 3248 11.
224 3191 263 3252 R.
285 3192 437 3271 Praecipue
452 3195 567 3253 duobus
581 3194 686 3263 modis,
708 3193 820 3252 scilicet
832 3214 871 3253 ex
890 3191 1063 3271 imperfecta

107 3267 332 3331 ‘deliberatione
346 3273 429 3332 actius
442 3280 468 3332 dl
482 3295 520 3332 ex
533 3274 681 3352 parvitate
697 3273 838 3333 materie.

158 3349 247 3409 Prior
266 3351 371 3411 modus
390 3374 450 3412 nou
470 3354 557 3412 facile
578 3353 755 3431 supponitur
780 3353 809 3410 in
830 3361 897 3411 actu
918 3351 1063 3412 exteriori

115 3426 273 3489 oblatioaie
293 3432 337 3490 rei
357 3431 472 3504 alienae,
492 3433 545 3492 eod
563 3434 679 3492 facilius
693 3432 759 3492 fieri
778 3442 879 3511 potest
898 3434 928 3490 ia
949 3431 1063 3491 damni·

116 3506 263 3581 ficatione‚
277 3512 303 3570 8r
317 3512 346 3570 in
361 3511 475 3572 actibus
489 3514 622 3573 internis.

156 3587 286 3729 moue
299 3592 455 3672 parvitatis
469 3593 602 3654 materiae
613 3592 738 3666 furtum,
747 3611 814 3671 ug.
828 3591 915 3652 uuiue
928 3591 1004 3651 uteie
1017 3599 1064 3678 eet

115 3684 172 3728 m
279 3684 280 3689 η
305 3695 307 3702 ,
