2160 4034
60 163 120 222 20⁰
224 176 231 187 ·
343 204 348 211 .
435 152 635 213 'ruscnsnns
714 176 717 181 ·

63 293 82 322 ‘⁴
96 287 263 341 snsnmtas
275 274 450 345 delationes,
459 274 502 333 ait
513 274 544 335 S.
558 270 731 333 Bernartius
742 271 795 331 lib.
808 272 840 331 4.
860 277 880 311 ⁶⁸
893 267 934 327 sie?
945 274 999 331 eoi

62 372 82 401 ‘⁴
96 355 294 419 siderations”
320 374 384 433 esp.
407 358 436 413 o.
456 373 516 413 non
543 352 679 432 recipias,
699 353 726 412 ἃ
747 351 825 411 hane
847 349 998 428 gestantia

60 450 81 479 “
96 438 186 498 velim
200 435 363 494 constituos
377 432 520 511 regulam,
533 441 569 491 ut
581 431 768 509 omnem,qni
782 430 881 509 palam
894 438 1000 489 verse:

62 528 83 560 ‘⁸
96 517 205 586 disere,
229 515 309 593 quod
333 513 363 570 in
384 532 457 572 anre
480 512 598 571 loeutus
611 521 666 581 est,
687 520 858 589 anapestum
883 505 999 577 habetes

61 606 82 637 ‘⁸
96 595 177 678 qnod
190 595 226 663 si,
239 605 270 653 te
279 591 444 671 jndioaute,
457 590 616 650 dieendum
629 608 728 650 eoram
740 589 889 661 renuerit,
900 585 1000 648 doum

62 686 82 716 “
95 695 158 737 rem
168 673 295 754 judiees,
309 691 368 732 nun
379 669 616 741 monmtorsnss’,

181 911 305 973 ΝΛΜ.
345 908 407 969 ΒΕ
425 907 605 972 tuniolo
626 856 907 968 nemausum.
990 914 993 919 “

322 1032 358 1093 n.
382 1032 480 1093 suom.
501 1034 530 1091 2.
550 1034 579 1091 2.
597 1041 695 1111 quest.
715 1032 764 1090 eo.

64 1153 90 1215 I·
109 1152 259 1214 Judioium
271 1152 458 1210 ammanium.
493 1150 535 1211 11.
554 1149 830 1229 Temerariaopim'o.
866 1144 1007 1208 Iliso·

158 1234 245 1311 ps'es'o.
286 1230 343 1291 lv.
361 1229 523 1290 Dubium.
563 1229 602 1291 V.
628 1229 922 1289 veneremur.
992 1254 995 1259 ·

103 1352 213 1427 QUID
228 1361 275 1411 est
283 1349 429 1429 judicium
443 1349 645 1423 temerarium,
666 1358 812 1429 quatenus
825 1360 874 1410 est
887 1347 1010 1411 dinrinn·

62 1431 158 1491 tivum
171 1433 257 1491 fama
272 1430 419 1491 alterius?

104 1510 130 1570 1.
151 1510 189 1570 R.
205 1508 315 1570 Stricti
326 1518 477 1589 sumptum
489 1518 535 1568 est
545 1527 682 1568 assensus
695 1508 806 1578 firmus,
820 1527 882 1602 qno
903 1505 1010 1587 absque

63 1589 220 1649 sufficienti
241 1588 436 1651 fundamento
450 1587 572 1668 aliquod
585 1587 696 1648 malum
709 1589 758 1651 vel
772 1589 841 1647 bour
864 1586 1010 1647 defensum

64 1666 103 1728 de
104 1668 255 1807 ¹proximo
263 1667 442 1747 judicamus.
811 1668 815 1673 ’

137 1748 225 1807 ioitnr
239 1754 257 1785 ‘⁶
269 1746 372 1807 stricte
391 1755 542 1826 sumptum
550 1744 575 1817 ;”
594 1747 665 1827 qnia
685 1746 715 1806 in
739 1745 856 1824 vulgari
879 1764 1010 1807 sermons

63 1826 154 1920 stiam
168 1824 258 1919 iatius
271 1825 347 1887 solet
368 1827 445 1920 sumi
456 1846 514 1921 pro
537 1844 722 1905 quacumque
742 1826 969 1886 existimatione
981 1824 1010 1887 ds

62 1924 202 2042 proxumo
223 1924 287 1964 srns
310 1904 466 1967 suffimenti
489 1905 624 1965 motivo:
644 1905 724 1965 &sio
748 1904 802 1965 snb
816 1905 868 1966 illo
882 1924 1010 1985 sompno

87 1984 207 2044 enditur
219 1985 378 2043 temeraria
392 1983 503 2062 opinio,
517 1984 645 2064 suspitio
659 1985 687 2043 δι
700 1984 857 2046 dubitatio.

106 2062 187 2201 quid
203 2073 249 2121 est
262 2063 364 2140 opinio
377 2063 559 2124 temeraria?

104 2142 119 2201 I
140 2184 147 2200 .
168 2143 207 2201 lt
228 2142 285 2200 Est
295 2161 431 2202 assensus
439 2141 573 2203 infirmus
583 2142 621 2202 de
630 2142 708 2204 mein
716 2143 846 2227 proximi
856 2152 1010 2224 eonoepms

65 2221 129 2282 sine
143 2220 298 2280 sufficienti
319 2221 442 2281 motivo.
862 2228 866 2233 '

106 2300 167 2360 111.
189 2299 324 2379 Suspicio
335 2301 494 2361 temeraria
507 2310 554 2361 est
566 2305 726 2380 propensio
738 2302 908 2365 intellectus
921 2302 962 2365 ad
971 2323 1009 2365 st·

66 2399 183 2440 sensnm
199 2380 237 2439 de
251 2379 329 2439 maio
343 2380 473 2474 proximi
487 2380 551 2441 sine
564 2382 719 2442 sufficienti
734 2382 858 2442 motivo.

107 2458 163 2520 1v.
184 2457 316 2519 Dubium
331 2479 394 2519 srvs
408 2459 556 2520 dubitatio
569 2463 728 2522 temeraria
741 2473 788 2522 est
801 2463 959 2540 suspensio
972 2482 1009 2525 as·

67 2538 171 2601 sensns
185 2538 263 2596 eirea
275 2536 454 2616 probitatem
469 2539 599 2618 proximi
613 2542 676 2599 sine
697 2539 867 2601 rationabili
880 2561 978 2602 eausa.

107 2617 275 2679 Secundum
291 2635 364 2697 ergo
385 2618 529 2678 minorem
555 2618 604 2678 vel
626 2619 771 2700 majorem
784 2621 957 2681 firmitatem
971 2642 1010 2683 ss·

66 2697 180 2768 sensus,
191 2695 283 2756 statui
296 2708 422 2774 possunt
436 2697 520 2777 quasi
534 2709 662 2778 quatuor
674 2700 794 2779 gradus,
809 2712 843 2760 nt
852 2703 967 2780 primns
977 2702 1010 2767 sit

65 2773 224 2913 dpbitatio,
238 2775 384 2837 secundos
397 2776 535 2856 suspioio,
549 2778 657 2838 tertius
671 2780 782 2858 opinio,
803 2791 927 2863 quartus
935 2780 1010 2862 judi·

65 2873 153 2916 oum.

106 2934 209 3007 Quare
222 2932 273 2992 illu
287 2944 416 3012 quatuor
429 2944 573 2995 vocantur
586 2939 768 2999 temeraria?

103 3012 144 3074 V.
165 3013 204 3073 lt
220 3012 300 3087 Quia
309 3011 547 3075 formantnrsine
556 3016 711 3077 sufficienti
722 3018 834 3079 motivo
845 3043 854 3083 t
867 3021 948 3082 unde
958 3041 1010 3083 non

64 3092 124 3153 erit
129 3092 277 3171 judieinrn
288 3093 564 3166 temerarium,dum
576 3096 721 3156 sufficiens
729 3099 807 3159 ratio
813 3100 856 3162 sio
860 3101 1010 3181 judicandi

65 3171 177 3234 adeste
190 3171 233 3230 sio
245 3190 309 3249 mg.
319 3171 420 3233 vidisti
434 3173 583 3233 hominem
593 3175 740 3237 furantem
752 3201 761 3247 ;
773 3179 837 3239 siue
846 3182 1010 3243 temeritate

61 3250 180 3332 judiees
190 3271 257 3310 eurn
266 3268 332 3311 esse
345 3251 456 3316 furem:
470 3250 572 3312 vidisti
582 3272 648 3313 eum
659 3255 879 3321 absonrrentem
890 3260 906 3320 e
916 3261 1010 3334 doure¹

65 3330 119 3391 ubi
144 3332 258 3393 furtum
284 3332 474 3391 commissum
488 3342 554 3404 est;
580 3333 644 3395 sine
664 3337 834 3400 temeritate
848 3342 1010 3421 suspicaris

62 3411 165 3493 ipsum
178 3428 244 3471 esse
256 3409 363 3469 iurem.

104 3490 189 3550 Bene
211 3488 382 3560 notandum,
396 3490 477 3568 qnod
496 3500 610 3572 quanto
623 3494 720 3574 magis
735 3497 905 3559 ascenditur
918 3499 957 3561 ad
970 3521 1010 3563 as

66 3586 185 3629 sensnm
196 3581 319 3639 eertum,
337 3579 422 3629 tanto
435 3570 551 3651 majore
560 3570 669 3634 indicia
682 3594 735 3637 seu
744 3578 1010 3664 motivarsquirsu·

66 3658 126 3724 tur,
139 3660 246 3711 utnon
260 3648 465 3712 norsunittutur
476 3650 639 3715 temeritas.
