2160 4034
62 114 145 181 ,856
324 152 329 161 -
462 124 656 172 'moranus

88 241 107 272 “
122 228 221 290 nullus
235 227 283 300 sit,
298 227 348 308 qni
361 247 420 287 non
435 227 556 308 majoris
569 229 659 290 faciat
682 230 838 311 pecuniam
862 243 1029 311 praesentem

90 320 110 349 ‘⁴
124 310 213 389 quam
237 307 378 379 futuram,
404 318 505 387 potest
526 309 657 370 creditor
675 310 787 389 rdiqnid
801 310 886 371 ultra
897 310 1030 376 cortens

90 399 109 428 ‘⁸
124 387 305 446 mutuatario
319 387 451 465 exigere,
470 393 542 448 &eo
553 388 641 448 titulo
655 389 692 449 ab
702 410 792 449 usura
802 388 972 451 excusari.”
1052 408 1059 427 ·

132 467 224 528 Ratio
247 476 293 526 est
316 467 469 544 pecuniam
496 466 649 528 absentem
663 470 689 527 ds
702 482 881 547 presentem
907 469 1030 548 ejusden
1057 475 1065 532 i

93 566 159 609 asse
174 545 282 605 valoris
296 546 434 623 sepositis
448 546 632 618 extrinsecis,
647 548 755 608 damno
765 561 956 629 emergente,
962 550 1030 612 lucro

93 635 238 694 cessante,
273 625 443 703 ericuloque
454 626 691 686 extraordinario
703 628 802 687 sortis.
1015 635 1019 640 “
1075 687 1080 694 ,

134 704 174 766 V.
195 645 310 765 Eodem
324 703 414 763 modo
428 703 571 783 obligatio
585 725 644 764 non
664 706 821 785 repetendi
836 716 952 767 sortem
965 708 1027 772 iutn

95 793 208 843 certum
222 793 349 863 tempus,
373 783 478 842 titnlns
491 804 550 842 nou
565 795 610 844 est
624 785 765 863 exigendi
779 784 904 879 aliquod
919 792 1027 847 auctari·

91 883 160 923 um:
181 863 212 921 id
235 862 324 921 etiam
347 863 454 940 probat
477 863 686 924 'condemnatio
714 865 933 943 propositionis
946 868 1025 929 dmi

93 941 270 1003 Alexandro
284 941 358 1003 Vll.
373 952 391 980 “
401 943 530 1001 Licitum
545 954 591 1002 est
604 945 751 1004 mutuanti
764 944 880 1023 aliquid
889 945 970 1004 ultra
983 967 1026 1006 sor·

94 1029 113 1061 “
127 1030 188 1081 tem
202 1022 345 1100 recipere,
369 1023 395 1080 si
409 1041 441 1080 se
455 1021 569 1100 obliget
582 1023 618 1083 ad
633 1042 691 1082 uon
713 1023 911 1104 repetendam
935 1036 1025 1109 sorten
1056 1054 1080 1061 -

94 1110 113 1140 ‘⁶
127 1122 162 1160 ns
184 1121 221 1160 ue
235 1100 397 1160 adcertum
410 1110 470 1161 tem
493 1100 554 1160 us.”
915 1140 918 1145 ι

135 1123 192 1241 Vi.
213 1180 316 1240 Vanus
330 1180 422 1239 etiam
443 1121 547 1240 tiiblus
561 1190 608 1240 est
621 1179 796 1258 imaginaria
815 1180 935 1243 utilitas
958 1204 1027 1261 pecu·
1050 1183 1054 1191 ’
1078 1209 1080 1212 ⁴

94 1259 152 1318 nim
166 1259 338 1338 praesentim
358 1258 495 1338 sepositis
505 1260 584 1317 enim
598 1260 773 1320 extrinsecis
786 1261 901 1333 mutui,¹
920 1267 1027 1341 pecunia
1057 1291 1080 1305 ··

92 1358 223 1417 praeseus
237 1358 271 1398 ac
284 1338 389 1399 absens
403 1341 486 1421 aque
500 1338 592 1410 utilis,
612 1359 664 1398 seu
677 1339 776 1419 potius
790 1339 907 1400 inutilis
921 1351 968 1402 ast
980 1363 1027 1402 nu·
1056 1384 1066 1389 -

92 1419 232 1478 tuatario.

135 1497 185 1555 Au
200 1496 312 1555 licitum
328 1505 374 1555 est
388 1497 502 1556 ratione
516 1497 611 1554 mutui
635 1495 747 1575 aliquid
762 1499 886 1578 exigere
901 1508 1028 1579 tauquam

95 1575 240 1647 debitum,
248 1597 307 1634 uon
319 1596 358 1636 ex
367 1576 495 1656 justitia,
509 1575 562 1636 sed
573 1597 611 1636 ex
621 1578 813 1656 gratitudine,
825 1579 1029 1652 benevolentia,

93 1655 260 1725 honestate,
275 1657 351 1715 dre?

136 1734 209 1796 Vll.
240 1736 279 1796 R.
309 1733 470 1813 Negative,
498 1744 532 1793 ut
552 1745 668 1794 constat
711 1755 745 1794 er
765 1736 1031 1799 condemnationen

94 1813 687 1952 t‘tttlltlzlldtltttlltlt
706 1814 902 1955 llll&
914 1815 1035 1956 titt

94 1980 114 2010 “
127 1971 220 2033 lautia
233 1983 285 2030 aut
311 1913 508 2049 gratitudinqdl
517 1913 659 2044 debitiim,
687 1973 738 2032 sed
753 1914 849 2034 eblum
862 1974 890 2034 si
904 1976 1033 2055 exigatur

78 2059 113 2129 ‘⁴‘
127 2060 268 2129 tauquam
287 2049 453 2128 exjustitia
466 2049 626 2109 debitum.’'

134 2129 226 2189 Ra'tio
241 2138 296 2198 est,
311 2129 389 2188 idem
404 2148 479 2200 esse,
500 2150 538 2217 ax
558 2150 742 2209 quacumque
756 2131 941 2211 obligatione
954 2133 1035 2195 detur
1054 2192 1065 2215 ,

95 2209 269 2278 auctarium,
293 2208 382 2267 modo
396 2208 483 2267 detur
498 2210 561 2268 sine
575 2209 663 2269 titulo
672 2208 766 2288 justo.
807 2212 961 2272 Praeterea
974 2213 998 2272 si
1010 2213 1036 2272 id

94 2288 209 2359 liceret,
226 2287 320 2347 'facile
334 2307 436 2347 omnes
449 2307 546 2348 usuras
559 2300 781 2361 excusarentur,
804 2291 830 2348 dr
844 2291 902 2371 ipsi
916 2293 1037 2352 usurarii
1079 2316 1080 2329 ¹

95 2366 202 2505 partim
225 2367 378 2440 curabunt,
412 2367 475 2426 sive
501 2386 540 2426 ex
566 2368 749 2447 gratitudine
776 2369 839 2429 sive
863 2391 904 2430 ex
925 2370 1038 2450 justitia

116 2459 192 2508 etur.

138 2527 237 2587 Docet
250 2535 348 2587 tamen
365 2526 395 2585 S.
416 2525 522 2586 Thom.
556 2536 639 2585 naast.
652 2528 699 2586 78.
713 2536 770 2587 art.
784 2529 811 2585 2.
831 2526 869 2587 ad
891 2531 922 2588 2.
936 2527 967 2587 in
980 2549 1038 2588 nru-

96 2607 226 2667 tuatario
250 2606 322 2665 oriri
346 2604 501 2741 quamdpm
529 2547 742 2742 {bligationem
764 2606 911 2679 amicitiae,
933 2606 1038 2689 scilicet

293 2709 300 2725 .
550 2687 556 2698 “
577 2684 584 2697 “
610 2709 617 2722 .
638 2693 656 2723 ts
692 2685 699 2698 ¹
972 2694 976 2699 ·
1012 2689 1020 2702 ⁰

96 2683 1038 2844 Md,til„tnssnzlrnr

98 2852 117 2881 “
132 2863 170 2903 ex
185 2841 398 2914 benevolentia,
425 2862 489 2921 quae
505 2840 559 2901 sub
579 2843 804 2902 aestimationem
827 2845 962 2923 pecuniae
984 2866 1036 2905 non

96 2931 115 2960 “
129 2922 217 2992 cadit,
231 2922 301 2981 licet
314 2923 512 3000 bocexigere,
533 2923 665 3000 accipere
679 2924 705 2981 dr
719 2924 904 3002 expectare.”

84 2996 90 3005 ’
129 3001 221 3061 'Dicit
244 3010 343 3060 autern
364 3002 509 3078 eripere&
529 3012 679 3080 expectare,
700 3022 758 3060 non
783 3004 866 3083 qnasi
890 3013 1035 3064 mutuatur

97 3079 226 3160 aliquod,
240 3080 310 3140 licat
321 3090 419 3151 tenue,
429 3078 479 3158 jus
493 3081 679 3159 praetendere
691 3093 802 3159 posset,
817 3083 868 3141 sed
884 3093 1035 3162 expectau-

50 3228 58 3233 ,
99 3160 138 3220 do
152 3161 178 3218 dr
192 3159 340 3236 exigendo
354 3179 372 3218 a
385 3159 564 3219 mutuatario
585 3171 723 3238 tanquam
746 3160 783 3220 ab
797 3162 902 3233 amico,
923 3163 975 3241 qui
988 3183 1035 3245 pro

98 3250 202 3300 mutuo
215 3248 345 3317 accepto,
359 3239 485 3317 gratiam
496 3237 831 3302 liberaliter&·libeuter
841 3241 951 3303 reddit.
1001 3249 1004 3254 '
