<?xml version="1.0" encoding="UTF-8"?>
<!DOCTYPE html PUBLIC "-//W3C//DTD XHTML 1.0 Transitional//EN"
    "http://www.w3.org/TR/xhtml1/DTD/xhtml1-transitional.dtd">
<html xmlns="http://www.w3.org/1999/xhtml" xml:lang="en" lang="en">
 <head>
  <title>
</title>
<meta http-equiv="Content-Type" content="text/html;charset=utf-8" />
  <meta name='ocr-system' content='tesseract 3.04.00' />
  <meta name='ocr-capabilities' content='ocr_page ocr_carea ocr_par ocr_line ocrx_word'/>
</head>
<body>
  <div class='ocr_page' id='page_1' title='image "./theologiamorali01densgoog_0134.png"; bbox 0 0 2160 4034; ppageno 0'>
   <div class='ocr_carea' id='block_1_1' title="bbox 309 164 981 247">
    <p class='ocr_par' dir='ltr' id='par_1_1' title="bbox 309 164 981 247">
     <span class='ocr_line' id='line_1_1' title="bbox 309 164 981 247; baseline -0.006 -20"><span class='ocrx_word' id='word_1_1' title='bbox 309 185 354 227; x_wconf 84' lang='lat' dir='ltr'>ua</span> <span class='ocrx_word' id='word_1_2' title='bbox 373 182 455 227; x_wconf 78' lang='lat' dir='ltr'>suna</span> <span class='ocrx_word' id='word_1_3' title='bbox 475 182 517 225; x_wconf 75' lang='lat' dir='ltr'>rr</span> <span class='ocrx_word' id='word_1_4' title='bbox 536 182 691 226; x_wconf 73' lang='lat' dir='ltr'>susurris.</span> <span class='ocrx_word' id='word_1_5' title='bbox 742 226 749 247; x_wconf 53' lang='grc'>,</span> <span class='ocrx_word' id='word_1_6' title='bbox 924 164 981 223; x_wconf 77' lang='lat'>12³</span> 
     </span>
    </p>
   </div>
   <div class='ocr_carea' id='block_1_2' title="bbox 41 284 980 3684">
    <p class='ocr_par' dir='ltr' id='par_1_2' title="bbox 45 284 980 504">
     <span class='ocr_line' id='line_1_2' title="bbox 59 284 980 366; baseline 0.001 -21"><span class='ocrx_word' id='word_1_7' title='bbox 59 284 156 360; x_wconf 80' lang='lat' dir='ltr'>Quid,</span> <span class='ocrx_word' id='word_1_8' title='bbox 177 287 207 346; x_wconf 92' lang='lat' dir='ltr'>si</span> <span class='ocrx_word' id='word_1_9' title='bbox 233 286 346 346; x_wconf 83' lang='lat' dir='ltr'>Petnrs</span> <span class='ocrx_word' id='word_1_10' title='bbox 370 286 481 366; x_wconf 77' lang='lat' dir='ltr'>absquo</span> <span class='ocrx_word' id='word_1_11' title='bbox 504 285 565 344; x_wconf 90' lang='lat' dir='ltr'>ulla</span> <span class='ocrx_word' id='word_1_12' title='bbox 587 304 676 343; x_wconf 85' lang='lat' dir='ltr'>eausa</span> <span class='ocrx_word' id='word_1_13' title='bbox 698 293 877 362; x_wconf 78' lang='lat' dir='ltr'><strong>cooperante</strong></span> <span class='ocrx_word' id='word_1_14' title='bbox 900 285 980 346; x_wconf 85' lang='lat' dir='ltr'>idem</span> 
     </span>
     <span class='ocr_line' id='line_1_3' title="bbox 45 360 980 504; baseline 0 -79"><span class='ocrx_word' id='word_1_15' title='bbox 45 382 164 502; x_wconf 63' lang='lat' dir='ltr'>narprp</span> <span class='ocrx_word' id='word_1_16' title='bbox 179 365 387 504; x_wconf 59' lang='lat' dir='ltr'>ilptqlpssetoo</span> <span class='ocrx_word' id='word_1_17' title='bbox 396 365 477 443; x_wconf 80' lang='lat' dir='ltr'>qood</span> <span class='ocrx_word' id='word_1_18' title='bbox 485 360 550 443; x_wconf 81' lang='lat' dir='ltr'>jam</span> <span class='ocrx_word' id='word_1_19' title='bbox 563 384 603 425; x_wconf 88' lang='lat' dir='ltr'>ex</span> <span class='ocrx_word' id='word_1_20' title='bbox 612 383 645 423; x_wconf 88' lang='lat' dir='ltr'>se</span> <span class='ocrx_word' id='word_1_21' title='bbox 659 366 980 443; x_wconf 79' lang='lat' dir='ltr'>promptus&amp;paratus</span> 
     </span>
     <span class='ocr_line' id='line_1_4' title="bbox 45 444 226 502; baseline 0 0"><span class='ocrx_word' id='word_1_22' title='bbox 45 453 102 502; x_wconf 78' lang='lat' dir='ltr'>sset</span> <span class='ocrx_word' id='word_1_23' title='bbox 171 444 182 501; x_wconf 83' lang='lat' dir='ltr'>i</span> <span class='ocrx_word' id='word_1_24' title='bbox 208 465 226 502; x_wconf 91' lang='lat' dir='ltr'>u</span> 
     </span>
    </p>

    <p class='ocr_par' dir='ltr' id='par_1_3' title="bbox 44 520 980 989">
     <span class='ocr_line' id='line_1_5' title="bbox 59 520 980 603; baseline -0.001 -19"><span class='ocrx_word' id='word_1_25' title='bbox 59 522 100 583; x_wconf 83' lang='lat' dir='ltr'>R·</span> <span class='ocrx_word' id='word_1_26' title='bbox 122 523 255 584; x_wconf 77' lang='lat' dir='ltr'><strong>Veteres</strong></span> <span class='ocrx_word' id='word_1_27' title='bbox 279 523 399 603; x_wconf 90' lang='lat' dir='ltr'>quidam</span> <span class='ocrx_word' id='word_1_28' title='bbox 425 523 597 591; x_wconf 86' lang='lat' dir='ltr'>docuerunt,</span> <span class='ocrx_word' id='word_1_29' title='bbox 628 520 709 599; x_wconf 79' lang='lat' dir='ltr'>quod</span> <span class='ocrx_word' id='word_1_30' title='bbox 732 531 802 580; x_wconf 88' lang='lat' dir='ltr'>tunc</span> <span class='ocrx_word' id='word_1_31' title='bbox 817 543 980 601; x_wconf 86' lang='lat' dir='ltr'>cooperans</span> 
     </span>
     <span class='ocr_line' id='line_1_6' title="bbox 44 599 980 681; baseline 0.001 -20"><span class='ocrx_word' id='word_1_32' title='bbox 44 601 121 661; x_wconf 80' lang='lat' dir='ltr'>illuit</span> <span class='ocrx_word' id='word_1_33' title='bbox 134 603 253 661; x_wconf 70' lang='lat' dir='ltr'>tantum</span> <span class='ocrx_word' id='word_1_34' title='bbox 264 603 440 681; x_wconf 68' lang='lat' dir='ltr'>partialiter,</span> <span class='ocrx_word' id='word_1_35' title='bbox 459 601 595 680; x_wconf 79' lang='lat' dir='ltr'>adeoque</span> <span class='ocrx_word' id='word_1_36' title='bbox 608 599 725 659; x_wconf 76' lang='lat' dir='ltr'>netum</span> <span class='ocrx_word' id='word_1_37' title='bbox 735 619 789 678; x_wconf 89' lang='lat' dir='ltr'>pro</span> <span class='ocrx_word' id='word_1_38' title='bbox 804 614 889 679; x_wconf 88' lang='lat' dir='ltr'>parte</span> <span class='ocrx_word' id='word_1_39' title='bbox 897 612 980 663; x_wconf 90' lang='lat' dir='ltr'>tene·</span> 
     </span>
     <span class='ocr_line' id='line_1_7' title="bbox 44 679 980 743; baseline 0.002 -2"><span class='ocrx_word' id='word_1_40' title='bbox 44 691 109 741; x_wconf 83' lang='lat' dir='ltr'>etur</span> <span class='ocrx_word' id='word_1_41' title='bbox 121 682 305 743; x_wconf 80' lang='lat' dir='ltr'>restituere:</span> <span class='ocrx_word' id='word_1_42' title='bbox 320 683 422 740; x_wconf 79' lang='lat' dir='ltr'>sertim</span> <span class='ocrx_word' id='word_1_43' title='bbox 437 699 514 738; x_wconf 90' lang='lat' dir='ltr'>nunc</span> <span class='ocrx_word' id='word_1_44' title='bbox 527 679 690 739; x_wconf 90' lang='lat' dir='ltr'>communis</span> <span class='ocrx_word' id='word_1_45' title='bbox 701 692 733 739; x_wconf 91' lang='lat' dir='ltr'>et</span> <span class='ocrx_word' id='word_1_46' title='bbox 747 699 818 738; x_wconf 90' lang='lat' dir='ltr'>rera</span> <span class='ocrx_word' id='word_1_47' title='bbox 831 684 980 743; x_wconf 87' lang='lat' dir='ltr'>sententia</span> 
     </span>
     <span class='ocr_line' id='line_1_8' title="bbox 44 760 978 840; baseline 0 -19"><span class='ocrx_word' id='word_1_48' title='bbox 44 772 123 831; x_wconf 85' lang='lat' dir='ltr'>acet,</span> <span class='ocrx_word' id='word_1_49' title='bbox 153 760 235 840; x_wconf 81' lang='lat' dir='ltr'>quod</span> <span class='ocrx_word' id='word_1_50' title='bbox 258 771 397 820; x_wconf 88' lang='lat' dir='ltr'>teneatur</span> <span class='ocrx_word' id='word_1_51' title='bbox 417 760 456 819; x_wconf 88' lang='lat' dir='ltr'>ad</span> <span class='ocrx_word' id='word_1_52' title='bbox 479 770 585 831; x_wconf 90' lang='lat' dir='ltr'>totum,</span> <span class='ocrx_word' id='word_1_53' title='bbox 606 760 631 817; x_wconf 86' lang='lat' dir='ltr'>si</span> <span class='ocrx_word' id='word_1_54' title='bbox 656 760 765 817; x_wconf 86' lang='lat' dir='ltr'>Petrus</span> <span class='ocrx_word' id='word_1_55' title='bbox 790 762 859 818; x_wconf 72' lang='lat' dir='ltr'>vere</span> <span class='ocrx_word' id='word_1_56' title='bbox 880 773 978 821; x_wconf 85' lang='lat' dir='ltr'>motus</span> 
     </span>
     <span class='ocr_line' id='line_1_9' title="bbox 44 837 979 918; baseline -0.001 -19"><span class='ocrx_word' id='word_1_57' title='bbox 44 840 117 899; x_wconf 85' lang='lat' dir='ltr'>uerit</span> <span class='ocrx_word' id='word_1_58' title='bbox 140 860 182 899; x_wconf 83' lang='lat' dir='ltr'>ex</span> <span class='ocrx_word' id='word_1_59' title='bbox 203 843 414 918; x_wconf 76' lang='lat' dir='ltr'>cooperatione</span> <span class='ocrx_word' id='word_1_60' title='bbox 428 840 553 900; x_wconf 66' lang='lat' dir='ltr'>,loannis</span> <span class='ocrx_word' id='word_1_61' title='bbox 566 839 604 897; x_wconf 89' lang='lat' dir='ltr'>ad</span> <span class='ocrx_word' id='word_1_62' title='bbox 618 837 753 909; x_wconf 75' lang='lat' dir='ltr'>celerius,</span> <span class='ocrx_word' id='word_1_63' title='bbox 767 838 892 911; x_wconf 74' lang='lat' dir='ltr'>facilius,</span> <span class='ocrx_word' id='word_1_64' title='bbox 916 842 979 898; x_wconf 90' lang='lat' dir='ltr'>ani·</span> 
     </span>
     <span class='ocr_line' id='line_1_10' title="bbox 44 917 691 989; baseline -0.011 -8"><span class='ocrx_word' id='word_1_65' title='bbox 44 919 150 989; x_wconf 74' lang='lat' dir='ltr'>mitis,</span> <span class='ocrx_word' id='word_1_66' title='bbox 171 920 225 978; x_wconf 81' lang='lat' dir='ltr'>&amp;c</span> <span class='ocrx_word' id='word_1_67' title='bbox 246 920 327 978; x_wconf 91' lang='lat' dir='ltr'>idem</span> <span class='ocrx_word' id='word_1_68' title='bbox 342 919 481 978; x_wconf 87' lang='lat' dir='ltr'>damnum</span> <span class='ocrx_word' id='word_1_69' title='bbox 495 917 691 976; x_wconf 85' lang='lat' dir='ltr'>inferendum.</span> 
     </span>
    </p>

    <p class='ocr_par' dir='ltr' id='par_1_4' title="bbox 44 996 979 1217">
     <span class='ocr_line' id='line_1_11' title="bbox 64 996 979 1073; baseline 0 -16"><span class='ocrx_word' id='word_1_70' title='bbox 64 996 160 1058; x_wconf 86' lang='lat' dir='ltr'>Aliud</span> <span class='ocrx_word' id='word_1_71' title='bbox 183 1008 272 1069; x_wconf 85' lang='lat' dir='ltr'>esset,</span> <span class='ocrx_word' id='word_1_72' title='bbox 293 1000 319 1056; x_wconf 92' lang='lat' dir='ltr'>si</span> <span class='ocrx_word' id='word_1_73' title='bbox 340 998 514 1058; x_wconf 72' lang='lat' dir='ltr'>malefactor</span> <span class='ocrx_word' id='word_1_74' title='bbox 535 996 703 1071; x_wconf 77' lang='lat' dir='ltr'>omnimode</span> <span class='ocrx_word' id='word_1_75' title='bbox 728 1006 847 1073; x_wconf 87' lang='lat' dir='ltr'>paratus</span> <span class='ocrx_word' id='word_1_76' title='bbox 868 997 979 1057; x_wconf 83' lang='lat' dir='ltr'>inferro</span> 
     </span>
     <span class='ocr_line' id='line_1_12' title="bbox 44 1074 979 1157; baseline -0.003 -18"><span class='ocrx_word' id='word_1_77' title='bbox 44 1078 176 1149; x_wconf 69' lang='lat' dir='ltr'>annum,</span> <span class='ocrx_word' id='word_1_78' title='bbox 191 1077 336 1157; x_wconf 90' lang='lat' dir='ltr'>perillam</span> <span class='ocrx_word' id='word_1_79' title='bbox 347 1096 464 1136; x_wconf 87' lang='lat' dir='ltr'>oausam</span> <span class='ocrx_word' id='word_1_80' title='bbox 475 1086 683 1154; x_wconf 78' lang='lat' dir='ltr'>cooperantem</span> <span class='ocrx_word' id='word_1_81' title='bbox 693 1074 774 1133; x_wconf 92' lang='lat' dir='ltr'>nullo</span> <span class='ocrx_word' id='word_1_82' title='bbox 783 1075 871 1135; x_wconf 91' lang='lat' dir='ltr'>modo</span> <span class='ocrx_word' id='word_1_83' title='bbox 880 1089 979 1136; x_wconf 89' lang='lat' dir='ltr'>motus</span> 
     </span>
     <span class='ocr_line' id='line_1_13' title="bbox 44 1156 143 1217; baseline -0.02 0"><span class='ocrx_word' id='word_1_84' title='bbox 44 1156 143 1217; x_wconf 67' lang='lat' dir='ltr'>inisset.</span> 
     </span>
    </p>

    <p class='ocr_par' dir='ltr' id='par_1_5' title="bbox 44 1233 980 1397">
     <span class='ocr_line' id='line_1_14' title="bbox 68 1233 980 1314; baseline -0.003 -18"><span class='ocrx_word' id='word_1_85' title='bbox 68 1235 138 1314; x_wconf 83' lang='lat' dir='ltr'>obj.</span> <span class='ocrx_word' id='word_1_86' title='bbox 161 1235 187 1295; x_wconf 92' lang='grc' dir='ltr'>Ι.</span> <span class='ocrx_word' id='word_1_87' title='bbox 207 1236 293 1296; x_wconf 86' lang='lat' dir='ltr'>Talis</span> <span class='ocrx_word' id='word_1_88' title='bbox 317 1254 480 1314; x_wconf 89' lang='lat' dir='ltr'>cooperans</span> <span class='ocrx_word' id='word_1_89' title='bbox 504 1253 562 1293; x_wconf 91' lang='lat' dir='ltr'>non</span> <span class='ocrx_word' id='word_1_90' title='bbox 577 1244 624 1293; x_wconf 88' lang='lat' dir='ltr'>est</span> <span class='ocrx_word' id='word_1_91' title='bbox 636 1233 739 1292; x_wconf 86' lang='lat' dir='ltr'>efficax</span> <span class='ocrx_word' id='word_1_92' title='bbox 753 1253 841 1292; x_wconf 87' lang='lat' dir='ltr'>causa</span> <span class='ocrx_word' id='word_1_93' title='bbox 861 1234 980 1304; x_wconf 87' lang='lat' dir='ltr'>damni;</span> 
     </span>
     <span class='ocr_line' id='line_1_15' title="bbox 44 1313 979 1397; baseline -0.001 -22"><span class='ocrx_word' id='word_1_94' title='bbox 44 1315 96 1397; x_wconf 73' lang='lat' dir='ltr'>quia</span> <span class='ocrx_word' id='word_1_95' title='bbox 107 1314 283 1375; x_wconf 83' lang='lat' dir='ltr'>malefactor</span> <span class='ocrx_word' id='word_1_96' title='bbox 297 1336 336 1375; x_wconf 87' lang='lat' dir='ltr'>ex</span> <span class='ocrx_word' id='word_1_97' title='bbox 350 1317 448 1393; x_wconf 88' lang='lat' dir='ltr'>seipso</span> <span class='ocrx_word' id='word_1_98' title='bbox 457 1315 521 1393; x_wconf 89' lang='lat' dir='ltr'>jam</span> <span class='ocrx_word' id='word_1_99' title='bbox 536 1323 601 1373; x_wconf 89' lang='lat' dir='ltr'>erat</span> <span class='ocrx_word' id='word_1_100' title='bbox 614 1333 703 1372; x_wconf 85' lang='lat' dir='ltr'>eausa</span> <span class='ocrx_word' id='word_1_101' title='bbox 715 1313 924 1386; x_wconf 83' lang='lat' dir='ltr'>efficacissima,</span> <span class='ocrx_word' id='word_1_102' title='bbox 945 1327 979 1374; x_wconf 88' lang='lat' dir='ltr'>ut</span> 
     </span>
    </p>

    <p class='ocr_par' dir='ltr' id='par_1_6' title="bbox 43 1395 980 2089">
     <span class='ocr_line' id='line_1_16' title="bbox 83 1395 401 1472; baseline 0 -19"><span class='ocrx_word' id='word_1_103' title='bbox 83 1395 222 1471; x_wconf 83' lang='lat' dir='ltr'>ponitur:</span> <span class='ocrx_word' id='word_1_104' title='bbox 244 1414 329 1472; x_wconf 80' lang='lat' dir='ltr'>ergo,</span> <span class='ocrx_word' id='word_1_105' title='bbox 349 1397 401 1453; x_wconf 67' lang='lat' dir='ltr'>&amp;a</span> 
     </span>
     <span class='ocr_line' id='line_1_17' title="bbox 43 1414 980 1552; baseline -0.005 -17"><span class='ocrx_word' id='word_1_106' title='bbox 43 1414 103 1535; x_wconf 60' lang='lat' dir='ltr'>&#39;ii-</span> <span class='ocrx_word' id='word_1_107' title='bbox 122 1474 205 1551; x_wconf 79' lang='lat' dir='ltr'>Neg.</span> <span class='ocrx_word' id='word_1_108' title='bbox 218 1493 337 1552; x_wconf 81' lang='lat' dir='ltr'>conseq.</span> <span class='ocrx_word' id='word_1_109' title='bbox 351 1474 421 1551; x_wconf 88' lang='lat' dir='ltr'>quia</span> <span class='ocrx_word' id='word_1_110' title='bbox 435 1473 501 1532; x_wconf 81' lang='lat' dir='ltr'>dum</span> <span class='ocrx_word' id='word_1_111' title='bbox 511 1492 605 1531; x_wconf 84' lang='lat' dir='ltr'>causae</span> <span class='ocrx_word' id='word_1_112' title='bbox 616 1470 742 1530; x_wconf 87' lang='lat' dir='ltr'>morales</span> <span class='ocrx_word' id='word_1_113' title='bbox 754 1480 877 1548; x_wconf 82' lang='lat' dir='ltr'>possunt</span> <span class='ocrx_word' id='word_1_114' title='bbox 890 1473 980 1531; x_wconf 89' lang='lat' dir='ltr'>simul</span> 
     </span>
     <span class='ocr_line' id='line_1_18' title="bbox 167 1550 979 1621; baseline -0.001 -10"><span class='ocrx_word' id='word_1_115' title='bbox 167 1572 200 1611; x_wconf 91' lang='lat' dir='ltr'>re</span> <span class='ocrx_word' id='word_1_116' title='bbox 225 1553 264 1611; x_wconf 88' lang='lat' dir='ltr'>ad</span> <span class='ocrx_word' id='word_1_117' title='bbox 285 1554 412 1612; x_wconf 88' lang='lat' dir='ltr'>eundem</span> <span class='ocrx_word' id='word_1_118' title='bbox 434 1552 582 1621; x_wconf 86' lang='lat' dir='ltr'>effectum,</span> <span class='ocrx_word' id='word_1_119' title='bbox 609 1552 636 1609; x_wconf 71' lang='lat' dir='ltr'>St</span> <span class='ocrx_word' id='word_1_120' title='bbox 660 1550 719 1609; x_wconf 87' lang='lat' dir='ltr'>duo</span> <span class='ocrx_word' id='word_1_121' title='bbox 741 1552 855 1610; x_wconf 84' lang='lat' dir='ltr'>motiva</span> <span class='ocrx_word' id='word_1_122' title='bbox 874 1551 979 1611; x_wconf 83' lang='lat' dir='ltr'>letalia</span> 
     </span>
     <span class='ocr_line' id='line_1_19' title="bbox 43 1572 583 1715; baseline -0.007 -23"><span class='ocrx_word' id='word_1_123' title='bbox 43 1572 274 1715; x_wconf 48' lang='lat' dir='ltr'>welmare</span> <span class='ocrx_word' id='word_1_124' title='bbox 288 1632 413 1692; x_wconf 85' lang='lat' dir='ltr'>eandem</span> <span class='ocrx_word' id='word_1_125' title='bbox 427 1631 583 1691; x_wconf 87' lang='lat' dir='ltr'>actionem.</span> 
     </span>
     <span class='ocr_line' id='line_1_20' title="bbox 43 1708 979 1790; baseline -0.004 -17"><span class='ocrx_word' id='word_1_126' title='bbox 43 1752 47 1761; x_wconf 88' lang='lat'><em>·</em></span> <span class='ocrx_word' id='word_1_127' title='bbox 71 1710 135 1790; x_wconf 84' lang='lat' dir='ltr'>otj.</span> <span class='ocrx_word' id='word_1_128' title='bbox 151 1711 195 1770; x_wconf 88' lang='lat'>11.</span> <span class='ocrx_word' id='word_1_129' title='bbox 210 1711 294 1773; x_wconf 71' lang='lat' dir='ltr'>&#39;ruis</span> <span class='ocrx_word' id='word_1_130' title='bbox 307 1731 469 1789; x_wconf 87' lang='lat' dir='ltr'>cooperans</span> <span class='ocrx_word' id='word_1_131' title='bbox 479 1730 539 1769; x_wconf 91' lang='lat' dir='ltr'>non</span> <span class='ocrx_word' id='word_1_132' title='bbox 550 1709 648 1768; x_wconf 86' lang='lat' dir='ltr'>influit</span> <span class='ocrx_word' id='word_1_133' title='bbox 658 1708 714 1767; x_wconf 92' lang='lat' dir='ltr'>nisi</span> <span class='ocrx_word' id='word_1_134' title='bbox 729 1710 758 1767; x_wconf 90' lang='lat' dir='ltr'>in</span> <span class='ocrx_word' id='word_1_135' title='bbox 769 1708 890 1767; x_wconf 89' lang='lat' dir='ltr'>modum</span> <span class='ocrx_word' id='word_1_136' title='bbox 903 1709 979 1769; x_wconf 89' lang='lat' dir='ltr'>furti</span> 
     </span>
     <span class='ocr_line' id='line_1_21' title="bbox 81 1788 977 1859; baseline -0.002 -9"><span class='ocrx_word' id='word_1_137' title='bbox 81 1792 87 1805; x_wconf 86' lang='lat'>&#39;</span> <span class='ocrx_word' id='word_1_138' title='bbox 106 1790 247 1859; x_wconf 77' lang='lat' dir='ltr'>eutalem,</span> <span class='ocrx_word' id='word_1_139' title='bbox 261 1810 290 1849; x_wconf 84' lang='lat' dir='ltr'>v.</span> <span class='ocrx_word' id='word_1_140' title='bbox 325 1800 382 1850; x_wconf 70' lang='lat' dir='ltr'>,ut</span> <span class='ocrx_word' id='word_1_141' title='bbox 394 1788 491 1859; x_wconf 73' lang='lat' dir='ltr'>citius,</span> <span class='ocrx_word' id='word_1_142' title='bbox 511 1788 682 1857; x_wconf 75' lang='lat' dir='ltr'>animosius,</span> <span class='ocrx_word' id='word_1_143' title='bbox 710 1789 762 1847; x_wconf 81' lang='lat' dir='ltr'>&amp;c</span> <span class='ocrx_word' id='word_1_144' title='bbox 781 1788 894 1846; x_wconf 87' lang='lat' dir='ltr'>furtum</span> <span class='ocrx_word' id='word_1_145' title='bbox 908 1788 977 1848; x_wconf 70' lang='lat' dir='ltr'>flate</span> 
     </span>
     <span class='ocr_line' id='line_1_22' title="bbox 111 1811 978 1948; baseline -0.002 -19"><span class='ocrx_word' id='word_1_146' title='bbox 111 1890 171 1929; x_wconf 86' lang='lat' dir='ltr'>uon</span> <span class='ocrx_word' id='word_1_147' title='bbox 183 1870 275 1929; x_wconf 91' lang='lat' dir='ltr'>debet</span> <span class='ocrx_word' id='word_1_148' title='bbox 289 1811 355 1948; x_wconf 55' lang='lat' dir='ltr'>pius</span> <span class='ocrx_word' id='word_1_149' title='bbox 368 1869 527 1929; x_wconf 85' lang='lat' dir='ltr'>restituere</span> <span class='ocrx_word' id='word_1_150' title='bbox 536 1870 625 1946; x_wconf 76' lang='lat' dir='ltr'>quam</span> <span class='ocrx_word' id='word_1_151' title='bbox 637 1886 790 1947; x_wconf 87' lang='lat' dir='ltr'>quousque</span> <span class='ocrx_word' id='word_1_152' title='bbox 801 1867 906 1926; x_wconf 84' lang='lat' dir='ltr'>modus</span> <span class='ocrx_word' id='word_1_153' title='bbox 919 1868 978 1927; x_wconf 88' lang='lat' dir='ltr'>fuit</span> 
     </span>
     <span class='ocr_line' id='line_1_23' title="bbox 112 1945 976 2027; baseline -0.005 -18"><span class='ocrx_word' id='word_1_154' title='bbox 112 1949 271 2020; x_wconf 82' lang='lat' dir='ltr'>ilicativus,</span> <span class='ocrx_word' id='word_1_155' title='bbox 285 1969 383 2027; x_wconf 90' lang='lat' dir='ltr'>neque</span> <span class='ocrx_word' id='word_1_156' title='bbox 394 1959 440 2009; x_wconf 87' lang='lat' dir='ltr'>est</span> <span class='ocrx_word' id='word_1_157' title='bbox 450 1968 538 2007; x_wconf 81' lang='lat' dir='ltr'>causa</span> <span class='ocrx_word' id='word_1_158' title='bbox 547 1947 651 2005; x_wconf 87' lang='lat' dir='ltr'>efficax</span> <span class='ocrx_word' id='word_1_159' title='bbox 662 1945 976 2017; x_wconf 85' lang='lat' dir='ltr'>substantiaeactionis,</span> 
     </span>
     <span class='ocr_line' id='line_1_24' title="bbox 92 2026 760 2089; baseline -0.007 -1"><span class='ocrx_word' id='word_1_160' title='bbox 92 2029 209 2089; x_wconf 75' lang='lat' dir='ltr'>tantum</span> <span class='ocrx_word' id='word_1_161' title='bbox 223 2028 305 2087; x_wconf 91' lang='lat' dir='ltr'>modi</span> <span class='ocrx_word' id='word_1_162' title='bbox 318 2049 371 2088; x_wconf 89' lang='lat' dir='ltr'>seu</span> <span class='ocrx_word' id='word_1_163' title='bbox 385 2027 613 2088; x_wconf 87' lang='lat' dir='ltr'>circumstantiae</span> <span class='ocrx_word' id='word_1_164' title='bbox 626 2026 760 2085; x_wconf 88' lang='lat' dir='ltr'>actionis.</span> 
     </span>
    </p>

    <p class='ocr_par' dir='ltr' id='par_1_7' title="bbox 50 2105 976 2256">
     <span class='ocr_line' id='line_1_25' title="bbox 56 2105 976 2186; baseline -0.004 -17"><span class='ocrx_word' id='word_1_165' title='bbox 56 2108 100 2169; x_wconf 83' lang='lat' dir='ltr'>-ll-</span> <span class='ocrx_word' id='word_1_166' title='bbox 116 2107 170 2167; x_wconf 89' lang='lat' dir='ltr'>Ne</span> <span class='ocrx_word' id='word_1_167' title='bbox 193 2150 202 2166; x_wconf 88' lang='lat'><strong>.</strong></span> <span class='ocrx_word' id='word_1_168' title='bbox 218 2126 346 2186; x_wconf 89' lang='lat' dir='ltr'>assump.</span> <span class='ocrx_word' id='word_1_169' title='bbox 357 2127 424 2166; x_wconf 90' lang='lat' dir='ltr'>nam</span> <span class='ocrx_word' id='word_1_170' title='bbox 436 2107 504 2166; x_wconf 88' lang='lat' dir='ltr'>talis</span> <span class='ocrx_word' id='word_1_171' title='bbox 516 2124 678 2182; x_wconf 88' lang='lat' dir='ltr'>cooperans</span> <span class='ocrx_word' id='word_1_172' title='bbox 689 2125 747 2164; x_wconf 94' lang='lat' dir='ltr'>non</span> <span class='ocrx_word' id='word_1_173' title='bbox 756 2105 892 2176; x_wconf 89' lang='lat' dir='ltr'>consulit,</span> <span class='ocrx_word' id='word_1_174' title='bbox 904 2126 932 2164; x_wconf 87' lang='lat' dir='ltr'>v.</span> <span class='ocrx_word' id='word_1_175' title='bbox 945 2124 976 2184; x_wconf 80' lang='lat' dir='ltr'>g.</span> 
     </span>
     <span class='ocr_line' id='line_1_26' title="bbox 50 2128 975 2256; baseline -0.003 -9"><span class='ocrx_word' id='word_1_176' title='bbox 50 2188 140 2247; x_wconf 68' lang='lat' dir='ltr'>ulum</span> <span class='ocrx_word' id='word_1_177' title='bbox 169 2128 248 2245; x_wconf 46' lang='lat' dir='ltr'>{orti</span> <span class='ocrx_word' id='word_1_178' title='bbox 275 2186 457 2256; x_wconf 81' lang='lat' dir='ltr'>abstractim,</span> <span class='ocrx_word' id='word_1_179' title='bbox 488 2187 541 2245; x_wconf 81' lang='lat' dir='ltr'>aed</span> <span class='ocrx_word' id='word_1_180' title='bbox 567 2185 680 2243; x_wconf 85' lang='lat' dir='ltr'>furtum</span> <span class='ocrx_word' id='word_1_181' title='bbox 705 2183 760 2243; x_wconf 87' lang='lat' dir='ltr'>sub</span> <span class='ocrx_word' id='word_1_182' title='bbox 787 2184 840 2242; x_wconf 88' lang='lat' dir='ltr'>tali</span> <span class='ocrx_word' id='word_1_183' title='bbox 867 2185 975 2244; x_wconf 89' lang='lat' dir='ltr'>modo:</span> 
     </span>
    </p>

    <p class='ocr_par' dir='ltr' id='par_1_8' title="bbox 42 2263 977 2572">
     <span class='ocr_line' id='line_1_27' title="bbox 114 2263 976 2337; baseline -0.002 -12"><span class='ocrx_word' id='word_1_184' title='bbox 114 2286 156 2325; x_wconf 91' lang='lat' dir='ltr'>ue</span> <span class='ocrx_word' id='word_1_185' title='bbox 168 2286 233 2325; x_wconf 87' lang='lat' dir='ltr'>uon</span> <span class='ocrx_word' id='word_1_186' title='bbox 246 2277 362 2326; x_wconf 90' lang='lat' dir='ltr'>tantum</span> <span class='ocrx_word' id='word_1_187' title='bbox 376 2267 405 2325; x_wconf 90' lang='lat' dir='ltr'>in</span> <span class='ocrx_word' id='word_1_188' title='bbox 420 2266 550 2337; x_wconf 84' lang='lat' dir='ltr'>modum,</span> <span class='ocrx_word' id='word_1_189' title='bbox 571 2263 724 2324; x_wconf 88' lang='lat' dir='ltr'>sedetiam</span> <span class='ocrx_word' id='word_1_190' title='bbox 739 2263 768 2321; x_wconf 90' lang='lat' dir='ltr'>in</span> <span class='ocrx_word' id='word_1_191' title='bbox 781 2264 976 2324; x_wconf 86' lang='lat' dir='ltr'>substantiam</span> 
     </span>
     <span class='ocr_line' id='line_1_28' title="bbox 43 2346 274 2405; baseline -0.009 0"><span class='ocrx_word' id='word_1_192' title='bbox 43 2346 143 2405; x_wconf 62' lang='lat' dir='ltr'>¹dionis</span> <span class='ocrx_word' id='word_1_193' title='bbox 159 2346 274 2405; x_wconf 86' lang='lat' dir='ltr'>influit.</span> 
     </span>
     <span class='ocr_line' id='line_1_29' title="bbox 43 2421 977 2502; baseline -0.007 -16"><span class='ocrx_word' id='word_1_194' title='bbox 43 2425 224 2487; x_wconf 84' lang='lat' dir='ltr'>&#39;Undenam</span> <span class='ocrx_word' id='word_1_195' title='bbox 250 2424 410 2502; x_wconf 79' lang='lat' dir='ltr'>colligitur,</span> <span class='ocrx_word' id='word_1_196' title='bbox 439 2433 647 2502; x_wconf 86' lang='lat' dir='ltr'>cooperantem</span> <span class='ocrx_word' id='word_1_197' title='bbox 671 2423 742 2480; x_wconf 76' lang='lat' dir='ltr'>rere</span> <span class='ocrx_word' id='word_1_198' title='bbox 766 2421 918 2481; x_wconf 87' lang='lat' dir='ltr'>influxisse</span> <span class='ocrx_word' id='word_1_199' title='bbox 945 2423 977 2480; x_wconf 92' lang='lat' dir='ltr'>in</span> 
     </span>
     <span class='ocr_line' id='line_1_30' title="bbox 42 2500 792 2572; baseline -0.005 -9"><span class='ocrx_word' id='word_1_200' title='bbox 42 2500 166 2572; x_wconf 70' lang='lat' dir='ltr'>haum,</span> <span class='ocrx_word' id='word_1_201' title='bbox 190 2505 259 2563; x_wconf 83' lang='lat' dir='ltr'>sine</span> <span class='ocrx_word' id='word_1_202' title='bbox 271 2505 364 2563; x_wconf 88' lang='lat' dir='ltr'>fuisse</span> <span class='ocrx_word' id='word_1_203' title='bbox 378 2523 494 2562; x_wconf 87' lang='lat' dir='ltr'>oausam</span> <span class='ocrx_word' id='word_1_204' title='bbox 509 2503 655 2561; x_wconf 83' lang='lat' dir='ltr'>efficacem</span> <span class='ocrx_word' id='word_1_205' title='bbox 669 2501 792 2560; x_wconf 82' lang='lat' dir='ltr'>damni?</span> 
     </span>
    </p>

    <p class='ocr_par' dir='ltr' id='par_1_9' title="bbox 42 2581 977 3041">
     <span class='ocr_line' id='line_1_31' title="bbox 51 2581 975 2660; baseline -0.005 -17"><span class='ocrx_word' id='word_1_206' title='bbox 51 2584 113 2643; x_wconf 86' lang='lat'>111.</span> <span class='ocrx_word' id='word_1_207' title='bbox 137 2584 181 2643; x_wconf 79' lang='lat' dir='ltr'>R.</span> <span class='ocrx_word' id='word_1_208' title='bbox 210 2583 364 2660; x_wconf 86' lang='lat' dir='ltr'>Inprimis</span> <span class='ocrx_word' id='word_1_209' title='bbox 383 2583 408 2641; x_wconf 88' lang='lat' dir='ltr'>si</span> <span class='ocrx_word' id='word_1_210' title='bbox 430 2592 532 2641; x_wconf 88' lang='lat' dir='ltr'>utatur</span> <span class='ocrx_word' id='word_1_211' title='bbox 553 2581 882 2656; x_wconf 76' lang='lat' dir='ltr'>mediisacooperante</span> <span class='ocrx_word' id='word_1_212' title='bbox 906 2598 975 2656; x_wconf 79' lang='lat' dir='ltr'>eug-</span> 
     </span>
     <span class='ocr_line' id='line_1_32' title="bbox 42 2661 974 2740; baseline -0.006 -17"><span class='ocrx_word' id='word_1_213' title='bbox 42 2664 122 2723; x_wconf 82' lang='lat' dir='ltr'>stis:</span> <span class='ocrx_word' id='word_1_214' title='bbox 147 2664 229 2721; x_wconf 90' lang='lat' dir='ltr'>item</span> <span class='ocrx_word' id='word_1_215' title='bbox 250 2665 275 2721; x_wconf 92' lang='lat' dir='ltr'>si</span> <span class='ocrx_word' id='word_1_216' title='bbox 295 2663 401 2721; x_wconf 88' lang='lat' dir='ltr'>fecerit</span> <span class='ocrx_word' id='word_1_217' title='bbox 414 2662 522 2740; x_wconf 87' lang='lat' dir='ltr'>aliqua,</span> <span class='ocrx_word' id='word_1_218' title='bbox 544 2681 608 2738; x_wconf 84' lang='lat' dir='ltr'>quae</span> <span class='ocrx_word' id='word_1_219' title='bbox 631 2678 791 2735; x_wconf 87' lang='lat' dir='ltr'>cooperans</span> <span class='ocrx_word' id='word_1_220' title='bbox 816 2661 974 2735; x_wconf 80' lang='lat' dir='ltr'>suggessit,</span> 
     </span>
     <span class='ocr_line' id='line_1_33' title="bbox 42 2737 975 2821; baseline -0.006 -20"><span class='ocrx_word' id='word_1_221' title='bbox 42 2762 140 2821; x_wconf 69' lang='lat' dir='ltr'>nque</span> <span class='ocrx_word' id='word_1_222' title='bbox 163 2742 246 2800; x_wconf 70' lang='lat' dir='ltr'>alias</span> <span class='ocrx_word' id='word_1_223' title='bbox 266 2762 325 2801; x_wconf 89' lang='lat' dir='ltr'>non</span> <span class='ocrx_word' id='word_1_224' title='bbox 347 2741 434 2800; x_wconf 70' lang='lat' dir='ltr'>facile</span> <span class='ocrx_word' id='word_1_225' title='bbox 454 2740 592 2807; x_wconf 86' lang='lat' dir='ltr'>fecissct;</span> <span class='ocrx_word' id='word_1_226' title='bbox 612 2737 815 2814; x_wconf 81' lang='lat' dir='ltr'>&amp;generatim</span> <span class='ocrx_word' id='word_1_227' title='bbox 837 2739 975 2815; x_wconf 74' lang='lat' dir='ltr'>presumi</span> 
     </span>
     <span class='ocr_line' id='line_1_34' title="bbox 42 2815 977 2898; baseline -0.005 -18"><span class='ocrx_word' id='word_1_228' title='bbox 42 2820 111 2892; x_wconf 62' lang='lat' dir='ltr'>iret,</span> <span class='ocrx_word' id='word_1_229' title='bbox 136 2822 387 2898; x_wconf 89' lang='lat' dir='ltr'>cooperationem</span> <span class='ocrx_word' id='word_1_230' title='bbox 408 2820 500 2879; x_wconf 83' lang='lat' dir='ltr'>fuisse</span> <span class='ocrx_word' id='word_1_231' title='bbox 520 2820 676 2886; x_wconf 91' lang='lat' dir='ltr'>efficacem,</span> <span class='ocrx_word' id='word_1_232' title='bbox 697 2815 814 2897; x_wconf 88' lang='lat' dir='ltr'>quando</span> <span class='ocrx_word' id='word_1_233' title='bbox 828 2828 898 2875; x_wconf 89' lang='lat' dir='ltr'>nata</span> <span class='ocrx_word' id='word_1_234' title='bbox 911 2828 977 2876; x_wconf 90' lang='lat' dir='ltr'>erat</span> 
     </span>
     <span class='ocr_line' id='line_1_35' title="bbox 42 2897 975 2968; baseline -0.009 -5"><span class='ocrx_word' id='word_1_235' title='bbox 42 2920 136 2963; x_wconf 80' lang='lat' dir='ltr'>avere</span> <span class='ocrx_word' id='word_1_236' title='bbox 154 2902 293 2959; x_wconf 89' lang='lat' dir='ltr'>animum</span> <span class='ocrx_word' id='word_1_237' title='bbox 308 2900 486 2968; x_wconf 87' lang='lat' dir='ltr'>executoris,</span> <span class='ocrx_word' id='word_1_238' title='bbox 508 2897 687 2956; x_wconf 81' lang='lat' dir='ltr'>&amp;damnum</span> <span class='ocrx_word' id='word_1_239' title='bbox 700 2906 833 2956; x_wconf 88' lang='lat' dir='ltr'>secutum</span> <span class='ocrx_word' id='word_1_240' title='bbox 847 2906 902 2967; x_wconf 86' lang='lat' dir='ltr'>est,</span> <span class='ocrx_word' id='word_1_241' title='bbox 917 2898 975 2955; x_wconf 92' lang='lat' dir='ltr'>nisi</span> 
     </span>
     <span class='ocr_line' id='line_1_36' title="bbox 42 2979 646 3041; baseline -0.012 -1"><span class='ocrx_word' id='word_1_242' title='bbox 42 2980 305 3041; x_wconf 81' lang='lat' dir='ltr'>roircumstantiis</span> <span class='ocrx_word' id='word_1_243' title='bbox 320 2990 442 3038; x_wconf 84' lang='lat' dir='ltr'>eruatur</span> <span class='ocrx_word' id='word_1_244' title='bbox 456 2979 646 3035; x_wconf 87' lang='lat' dir='ltr'>contrarium.</span> 
     </span>
    </p>

    <p class='ocr_par' dir='ltr' id='par_1_10' title="bbox 42 3054 973 3199">
     <span class='ocr_line' id='line_1_37' title="bbox 48 3054 973 3138; baseline -0.005 -20"><span class='ocrx_word' id='word_1_245' title='bbox 48 3061 100 3119; x_wconf 77' lang='lat' dir='ltr'>Ad</span> <span class='ocrx_word' id='word_1_246' title='bbox 116 3060 201 3138; x_wconf 90' lang='lat' dir='ltr'>quid</span> <span class='ocrx_word' id='word_1_247' title='bbox 212 3070 342 3128; x_wconf 90' lang='lat' dir='ltr'>tenetur,</span> <span class='ocrx_word' id='word_1_248' title='bbox 363 3058 414 3138; x_wconf 90' lang='lat' dir='ltr'>qui</span> <span class='ocrx_word' id='word_1_249' title='bbox 425 3057 551 3127; x_wconf 89' lang='lat' dir='ltr'>dubitat,</span> <span class='ocrx_word' id='word_1_250' title='bbox 565 3076 602 3114; x_wconf 89' lang='lat' dir='ltr'>an</span> <span class='ocrx_word' id='word_1_251' title='bbox 616 3056 774 3115; x_wconf 87' lang='lat' dir='ltr'>efficaciter</span> <span class='ocrx_word' id='word_1_252' title='bbox 787 3054 818 3112; x_wconf 91' lang='lat' dir='ltr'>in</span> <span class='ocrx_word' id='word_1_253' title='bbox 833 3054 973 3114; x_wconf 86' lang='lat' dir='ltr'>damnum</span> 
     </span>
     <span class='ocr_line' id='line_1_38' title="bbox 42 3140 204 3199; baseline -0.012 0"><span class='ocrx_word' id='word_1_254' title='bbox 42 3140 204 3199; x_wconf 67' lang='lat' dir='ltr'>fluxerit?</span> 
     </span>
    </p>

    <p class='ocr_par' dir='ltr' id='par_1_11' title="bbox 42 3213 973 3376">
     <span class='ocr_line' id='line_1_39' title="bbox 53 3213 973 3284; baseline -0.008 -6"><span class='ocrx_word' id='word_1_255' title='bbox 53 3220 109 3281; x_wconf 90' lang='lat' dir='ltr'>lv.</span> <span class='ocrx_word' id='word_1_256' title='bbox 132 3219 176 3278; x_wconf 61' lang='lat' dir='ltr'>R,</span> <span class='ocrx_word' id='word_1_257' title='bbox 203 3218 237 3278; x_wconf 92' lang='lat' dir='ltr'>Si</span> <span class='ocrx_word' id='word_1_258' title='bbox 258 3217 380 3276; x_wconf 89' lang='lat' dir='ltr'>dubium</span> <span class='ocrx_word' id='word_1_259' title='bbox 402 3216 442 3275; x_wconf 83' lang='lat' dir='ltr'>sit</span> <span class='ocrx_word' id='word_1_260' title='bbox 464 3215 628 3284; x_wconf 83' lang='lat' dir='ltr'>furrdatum,</span> <span class='ocrx_word' id='word_1_261' title='bbox 650 3222 771 3272; x_wconf 89' lang='lat' dir='ltr'>tenetur</span> <span class='ocrx_word' id='word_1_262' title='bbox 792 3213 830 3271; x_wconf 89' lang='lat' dir='ltr'>ad</span> <span class='ocrx_word' id='word_1_263' title='bbox 854 3215 973 3273; x_wconf 89' lang='lat' dir='ltr'>restitu-</span> 
     </span>
     <span class='ocr_line' id='line_1_40' title="bbox 42 3293 795 3376; baseline -0.013 -18"><span class='ocrx_word' id='word_1_264' title='bbox 42 3316 126 3359; x_wconf 78' lang='lat' dir='ltr'>auem</span> <span class='ocrx_word' id='word_1_265' title='bbox 140 3318 204 3376; x_wconf 88' lang='lat' dir='ltr'>pro</span> <span class='ocrx_word' id='word_1_266' title='bbox 218 3309 286 3356; x_wconf 92' lang='lat' dir='ltr'>rata</span> <span class='ocrx_word' id='word_1_267' title='bbox 296 3297 387 3366; x_wconf 90' lang='lat' dir='ltr'>dubii,</span> <span class='ocrx_word' id='word_1_268' title='bbox 409 3307 442 3353; x_wconf 91' lang='lat' dir='ltr'>ut</span> <span class='ocrx_word' id='word_1_269' title='bbox 455 3295 567 3353; x_wconf 91' lang='lat' dir='ltr'>dictum</span> <span class='ocrx_word' id='word_1_270' title='bbox 582 3305 627 3352; x_wconf 76' lang='lat' dir='ltr'>est</span> <span class='ocrx_word' id='word_1_271' title='bbox 641 3293 672 3351; x_wconf 93' lang='lat' dir='ltr'>N</span> <span class='ocrx_word' id='word_1_272' title='bbox 675 3314 732 3351; x_wconf 76' lang='lat' dir='ltr'>uni.</span> <span class='ocrx_word' id='word_1_273' title='bbox 747 3294 795 3349; x_wconf 77' lang='lat' dir='ltr'>et.</span> 
     </span>
    </p>

    <p class='ocr_par' dir='ltr' id='par_1_12' title="bbox 41 3368 971 3549">
     <span class='ocr_line' id='line_1_41' title="bbox 54 3368 971 3454; baseline -0.01 -19"><span class='ocrx_word' id='word_1_274' title='bbox 54 3377 146 3453; x_wconf 84' lang='lat' dir='ltr'>Quid,</span> <span class='ocrx_word' id='word_1_275' title='bbox 162 3377 192 3435; x_wconf 89' lang='lat' dir='ltr'>si</span> <span class='ocrx_word' id='word_1_276' title='bbox 208 3377 309 3454; x_wconf 89' lang='lat' dir='ltr'>plures</span> <span class='ocrx_word' id='word_1_277' title='bbox 323 3376 420 3436; x_wconf 84' lang='lat' dir='ltr'>eidem</span> <span class='ocrx_word' id='word_1_278' title='bbox 435 3374 543 3432; x_wconf 86' lang='lat' dir='ltr'>damno</span> <span class='ocrx_word' id='word_1_279' title='bbox 557 3375 707 3450; x_wconf 85' lang='lat' dir='ltr'>cooperati</span> <span class='ocrx_word' id='word_1_280' title='bbox 723 3382 800 3439; x_wconf 89' lang='lat' dir='ltr'>sunt,</span> <span class='ocrx_word' id='word_1_281' title='bbox 822 3371 874 3429; x_wconf 86' lang='lat' dir='ltr'>sed</span> <span class='ocrx_word' id='word_1_282' title='bbox 887 3368 971 3428; x_wconf 89' lang='lat' dir='ltr'>dubi-</span> 
     </span>
     <span class='ocr_line' id='line_1_42' title="bbox 41 3454 548 3549; baseline -0.012 -32"><span class='ocrx_word' id='word_1_283' title='bbox 41 3466 103 3527; x_wconf 78' lang='lat' dir='ltr'>aar,</span> <span class='ocrx_word' id='word_1_284' title='bbox 123 3457 199 3549; x_wconf 89' lang='lat' dir='ltr'>quis</span> <span class='ocrx_word' id='word_1_285' title='bbox 213 3457 306 3515; x_wconf 83' lang='lat' dir='ltr'>fuerit</span> <span class='ocrx_word' id='word_1_286' title='bbox 320 3476 408 3514; x_wconf 86' lang='lat' dir='ltr'>causa</span> <span class='ocrx_word' id='word_1_287' title='bbox 422 3454 548 3513; x_wconf 83' lang='lat' dir='ltr'>efficax?</span> 
     </span>
    </p>

    <p class='ocr_par' dir='ltr' id='par_1_13' title="bbox 41 3527 973 3684">
     <span class='ocr_line' id='line_1_43' title="bbox 54 3527 973 3613; baseline -0.01 -17"><span class='ocrx_word' id='word_1_288' title='bbox 54 3536 90 3597; x_wconf 77' lang='lat' dir='ltr'>R.</span> <span class='ocrx_word' id='word_1_289' title='bbox 111 3537 145 3596; x_wconf 84' lang='lat' dir='ltr'>St</span> <span class='ocrx_word' id='word_1_290' title='bbox 171 3536 330 3613; x_wconf 86' lang='lat' dir='ltr'>cooperati</span> <span class='ocrx_word' id='word_1_291' title='bbox 350 3536 409 3592; x_wconf 89' lang='lat' dir='ltr'>sint</span> <span class='ocrx_word' id='word_1_292' title='bbox 423 3555 462 3592; x_wconf 91' lang='lat' dir='ltr'>ex</span> <span class='ocrx_word' id='word_1_293' title='bbox 485 3542 588 3591; x_wconf 89' lang='lat' dir='ltr'>mutua</span> <span class='ocrx_word' id='word_1_294' title='bbox 613 3530 841 3608; x_wconf 84' lang='lat' dir='ltr'>conspiratione,</span> <span class='ocrx_word' id='word_1_295' title='bbox 862 3527 973 3606; x_wconf 77' lang='lat' dir='ltr'>singuli</span> 
     </span>
     <span class='ocr_line' id='line_1_44' title="bbox 41 3608 853 3684; baseline -0.015 -9"><span class='ocrx_word' id='word_1_296' title='bbox 41 3627 154 3675; x_wconf 75' lang='lat' dir='ltr'>nentur</span> <span class='ocrx_word' id='word_1_297' title='bbox 169 3636 229 3675; x_wconf 88' lang='lat' dir='ltr'>suo</span> <span class='ocrx_word' id='word_1_298' title='bbox 245 3616 349 3676; x_wconf 87' lang='lat' dir='ltr'>ordine</span> <span class='ocrx_word' id='word_1_299' title='bbox 364 3615 394 3673; x_wconf 91' lang='lat' dir='ltr'>in</span> <span class='ocrx_word' id='word_1_300' title='bbox 405 3612 541 3684; x_wconf 78' lang='lat' dir='ltr'>solidum,</span> <span class='ocrx_word' id='word_1_301' title='bbox 562 3610 766 3672; x_wconf 84' lang='lat' dir='ltr'>deficientibus</span> <span class='ocrx_word' id='word_1_302' title='bbox 779 3608 853 3669; x_wconf 82' lang='lat' dir='ltr'>eliis.</span> 
     </span>
    </p>
   </div>
   <div class='ocr_carea' id='block_1_3' title="bbox 62 3711 534 3758">
    <p class='ocr_par' dir='ltr' id='par_1_14' title="bbox 62 3711 534 3758">
     <span class='ocr_line' id='line_1_45' title="bbox 62 3711 534 3758; baseline 0.004 -5"><span class='ocrx_word' id='word_1_303' title='bbox 62 3713 126 3754; x_wconf 63' lang='lat' dir='ltr'>rot„</span> <span class='ocrx_word' id='word_1_304' title='bbox 140 3713 181 3757; x_wconf 83' lang='lat'>11·</span> <span class='ocrx_word' id='word_1_305' title='bbox 512 3711 534 3758; x_wconf 69' lang='lat' dir='ltr'>lt</span> 
     </span>
    </p>
   </div>
   <div class='ocr_carea' id='block_1_4' title="bbox 0 0 1084 4034">
    <p class='ocr_par' dir='ltr' id='par_1_15' title="bbox 0 0 1084 4034">
     <span class='ocr_line' id='line_1_46' title="bbox 0 0 1084 4034; baseline 0 1"><span class='ocrx_word' id='word_1_306' title='bbox 0 0 1084 4034; x_wconf 95' lang='lat' dir='ltr'> </span> 
     </span>
    </p>
   </div>
  </div>
 </body>
</html>
