2160 4034
103 106 161 165 850
477 121 675 168 maenarum
716 127 719 134 ·
817 126 823 133 ·

141 226 180 287 V.
201 223 335 285 Additur
357 227 527 305 transfertur
549 230 581 287 in
594 230 751 289 dominium
772 229 917 300 alterium
940 237 973 289 et
996 248 1041 311 per

101 305 154 364 has
180 305 339 382 particulas
366 316 501 365 mutuum
530 307 632 368 differt
651 310 670 368 0
689 309 890 380 commodato,
915 308 945 386 pi
989 330 1042 382 ore,

99 383 236 462 deposito
250 385 276 442 da
289 385 446 454 locatione,
467 384 574 464 quibus
588 386 752 446 dominium
774 409 833 446 non
856 397 943 446 trans
957 399 1040 448 ertur.
1071 410 1074 447 ε

140 463 285 522 Finaliter
306 464 426 522 additur
446 484 509 523 cum
522 464 689 541 oblipationc
700 469 836 527 reddendi
849 493 863 537 ,·
888 466 975 526 &ita
987 488 1042 527 mu·

100 553 184 602 tunm
207 543 530 603 differtddonatione:
551 544 640 603 aliubi
662 546 728 617 rem,
756 546 970 605 &denotatur
993 567 1043 607 non

100 640 166 681 esse
180 619 391 700 obligationem
404 623 549 682 reddendi
562 643 625 682 rem
640 626 773 696 eandem,
796 627 939 703 quamvis
949 624 1043 686 eudein

99 699 187 761 reddi
199 702 294 778 possit
302 721 341 760 ex
354 721 400 772 eo,
413 701 493 783 qndd
506 704 703 762 mutuatarius
713 725 740 763 v.
751 725 781 782 g.
787 704 853 782 jam
865 724 927 763 non
936 702 1043 844 im

98 796 133 839 re
152 781 305 839 mutuatis:
326 780 350 839 si
364 790 464 839 autern
487 781 546 840 alia
568 782 720 854 reddatur,
742 783 832 843 debet
847 783 959 861 essecj

98 861 207 938 speciei,
235 859 365 953 alioquin
386 880 445 919 non
467 871 546 920 esset
568 872 714 933 mutuum,
735 862 787 921 sed
801 863 988 941 permutatio
1000 864 1037 923 vel
1067 920 1069 927 .

99 938 378 1017 emptio-venditio:
398 938 547 1018 debetque
561 956 626 1001 esse
636 943 755 1018 ejusden
768 942 914 1013 bonitatis,
939 952 975 999 ut
988 961 1034 1002 ser·

99 1029 187 1077 vetur
198 1018 359 1098 aequalitas.

142 1098 285 1171 Quanam
308 1097 423 1157 bonitas
445 1097 491 1156 rei
513 1097 544 1156 in
568 1099 736 1160 redditione
758 1102 856 1159 mutui
882 1109 930 1159 est
954 1110 1033 1160 atten-

98 1176 215 1239 denda?
982 1236 985 1241 ,
1068 1194 1074 1203 “

136 1257 176 1317 R.
196 1255 255 1317 Rei
270 1255 385 1316 bonitas
400 1275 453 1314 seu
466 1254 549 1315 valor
562 1257 739 1337 estduplex,
754 1277 828 1317 unus
842 1259 874 1316 in
887 1277 931 1331 se,
941 1258 1031 1317 intrin·
1064 1244 1067 1253 ’

98 1355 191 1405 seona
205 1335 281 1396 ulter
293 1334 488 1394 extrinsecus.

137 1413 193 1475 VI.
215 1415 250 1474 Iu
262 1414 393 1493 pecuniis
406 1413 571 1473 attenditur
584 1415 668 1479 valor
677 1412 863 1476 extrinsecus
877 1436 932 1476 seu
951 1418 1030 1494 preti·

95 1495 176 1554 uma
191 1494 329 1573 Principe
343 1503 486 1563 taxatum,
501 1513 559 1553 non
569 1495 755 1573 respiciendo
766 1495 865 1574 ipsum
872 1496 1030 1558 metallan:

95 1583 127 1634 et
140 1572 183 1632 ita
195 1574 246 1667 qui
260 1583 395 1633 mutuum
406 1573 521 1650 accepit
534 1593 563 1631 0.
576 1593 606 1651 g.
623 1576 679 1632 100
691 1584 860 1652 patacones,
875 1585 994 1634 tenetur
1004 1577 1029 1635 in

93 1653 227 1731 pecuniis
235 1653 361 1712 reddere
369 1670 511 1713 rammam
520 1652 621 1712 valore
632 1653 799 1714 extrinseco
813 1673 839 1712 re
859 1655 1030 1715 nivalenten

97 1733 154 1792 100
168 1732 367 1811 pataconibns,
382 1731 444 1790 sive
459 1751 564 1791 aureos
578 1731 692 1802 reddat,
707 1733 769 1792 sive
781 1675 902 1805 solidos,
918 1739 968 1793 &c
978 1735 1030 1794 sire

93 1811 179 1871 valor
192 1812 307 1871 interea
319 1812 447 1871 creverit
466 1810 514 1870 001
528 1811 703 1871 decreverit.
743 1813 811 1871 Hoc
834 1824 980 1894 qnantum
999 1815 1031 1873 ad
1069 1846 1072 1851 ·

87 1888 248 1969 justitiam,
259 1890 389 1968 sepositb
401 1889 461 1949 ulit
472 1891 684 1950 conventiones
697 1891 836 1951 honestas
850 1893 943 1951 etiarn
953 1893 1029 1952 facile
1063 1856 1074 2003 l

92 1968 175 2029 aliud
185 1969 359 2047 postularet,
372 1988 438 2049 qum
448 1969 541 2029 dictat
549 1971 712 2029 mutuaturi
725 1970 912 2030 reddendum
925 1990 990 2031 esse
996 1971 1031 2042 id,

93 2050 174 2129 quod
188 2049 245 2127 ipsi
265 2047 368 2107 utilius
389 2057 444 2119 est,
471 2048 574 2107 &sine
598 2049 721 2108 notabili
735 2050 842 2109 damno
866 2051 1033 2110 mutuaturii
1063 2032 1074 2143 Ι

92 2128 228 2208 praestari
242 2138 351 2207 potest.
1071 2148 1074 2157 .

134 2208 209 2269 Vll.
231 2207 266 2266 In
279 2206 345 2278 aliis
355 2204 443 2267 rebus
457 2227 485 2266 v.
493 2226 523 2286 g.
531 2208 642 2283 granis,
657 2207 732 2280 cibo,
746 2219 829 2288 potu,
843 2216 895 2269 &u
909 2209 1033 2269 attendi·

92 2295 143 2349 tur
156 2287 240 2346 valor
254 2287 438 2357 intrinsecus,
448 2306 500 2345 seu
514 2286 579 2365 ipsa
591 2288 708 2347 bonitas
721 2290 766 2346 rei
777 2290 805 2346 in
817 2307 850 2347 se
864 2311 871 2348 ε
885 2295 913 2348 δι
927 2290 1033 2368 ita,qui

95 2368 153 2427 100
165 2359 281 2426 modios
295 2366 388 2425 tritici
401 2376 504 2425 mutuo
518 2368 640 2445 accepit,
664 2378 784 2426 tenetur
796 2368 966 2446 exjustitia
982 2371 1032 2427 100

90 2445 207 2507 modios
220 2445 341 2527 aequalis
356 2444 496 2504 bonitatis
509 2446 646 2517 reddere,
660 2447 723 2508 sive
744 2451 874 2524 pretinm
884 2447 979 2507 tritici
991 2448 1030 2506 in·

92 2535 177 2586 terea
185 2525 389 2596 creveritsive
398 2524 573 2584 decreverit.
594 2525 726 2604 Intelligi
737 2526 799 2585 haec
807 2527 917 2585 iterum
926 2526 1032 2586 debent

91 2604 234 2683 quantdm
248 2615 294 2664 est
315 2625 354 2663 ex
373 2614 479 2663 natura
500 2605 668 2664 contractius
692 2606 795 2674 mutui,
819 2607 952 2684 seposito
976 2606 1030 2664 alio

90 2692 188 2823 pacto.
216 2685 359 2758 Quaenam
372 2685 443 2742 verb
458 2693 543 2761 pactu
555 2683 635 2743 licite
644 2683 732 2762 adjici
745 2685 870 2763 possint,
881 2705 922 2744 ex
931 2696 1030 2764 postet

111 2763 223 2823 tuendis
236 2763 336 2842 colligi
350 2763 471 2841 poterit.

130 2841 258 2915 Quinam
273 2851 396 2921 possunt
409 2851 543 2921 mutuum
554 2842 634 2912 dare,
648 2848 674 2901 81
684 2844 803 2923 quinam
816 2845 976 2922 accipere?
1071 2913 1072 2916 Ἴ

130 2920 205 2982 Vll.
226 2923 264 2981 R.
285 2922 426 2981 Mutuum
437 2921 508 2980 dare
518 2931 651 2998 possunt,
665 2923 715 3014 qui
729 2923 774 2982 rei
787 2934 930 2982 mutuatas
940 2924 1028 2982 domi·
1072 2933 1074 2937 ’

88 2999 172 3059 nium
186 2999 296 3060 habent
309 3002 335 3058 00
348 3000 473 3061 liberam
486 3000 779 3073 administrationem,
800 3002 857 3061 nisi
871 3015 955 3063 certa
966 3003 1028 3082 lege
1071 3010 1074 3047 Ι

87 3077 310 3159 prohibeantur.

94 3210 97 3217 .
131 3159 282 3234 Quantum
296 3158 334 3217 ad
352 3159 528 3237 accipientes
542 3170 685 3230 mutuum,
711 3160 928 3221 notandnmex
943 3163 1028 3222 Sena·
1073 3169 1074 3189 ³

87 3238 285 3299 tiis-consulto
307 3237 532 3310 Macedoniarn,
556 3239 771 3299 filios-familias
792 3241 859 3318 cogi
872 3261 931 3299 non
946 3260 1035 3319 posse.

87 3316 126 3376 ad
148 3317 331 3379 reddendum
351 3328 495 3389 mutuum,
519 3318 597 3398 quod
611 3319 675 3379 sine
689 3339 833 3378 consensu
846 3322 940 3397 patris
960 3321 1028 3398 ipsis

87 3395 189 3457 datum
204 3409 259 3468 cst,
283 3397 354 3457 dum
365 3396 462 3456 adhuc
475 3408 560 3457 erant
574 3397 627 3458 sub
642 3399 738 3477 patria
750 3410 909 3478 potestate,
928 3400 986 3458 nisi
999 3401 1028 3457 iu

87 3474 202 3565 casibus
215 3475 388 3560 quibusdem
400 3476 542 3557 exceptis,
557 3498 630 3558 quos
641 3478 710 3538 vide
719 3480 798 3557 apud
809 3478 965 3563 Daelman,
980 3479 1029 3559 qni
