2160 4034
313 171 357 212 uu
375 170 458 217 sunu
478 170 520 213 m·
540 170 700 213 susurria·
932 156 991 215 24⁵

49 269 90 331 lo
107 290 207 333 onere
221 293 281 335 sure
293 272 415 335 familiae
427 282 479 332 aut
489 273 651 343 haeredum,
672 282 703 333 et
714 273 777 333 sine
795 273 991 343 diminutione

49 370 137 411 uum
152 373 282 413 suarum.
296 353 414 413 Deinde
428 354 454 412 si
468 353 625 413 estimatio
638 352 749 415 laboris
760 353 865 419 deduci
875 363 989 431 posset,

48 429 219 514 lorumque
232 452 287 512 pro
296 433 379 492 lucro
393 442 527 493 cessante
541 431 584 490 uil
596 431 813 493 restituendum
827 433 915 493 foret.

70 510 242 585 Quomodo
253 513 349 571 taxari
368 512 457 573 debet
470 521 536 571 rata
549 531 602 571 seu
614 512 715 590 portio
729 513 881 592 temporis,
906 513 931 575 si
945 532 994 572 oc·

49 588 118 649 isus
132 592 273 684 equidem
285 591 369 651 brevi
382 591 488 663 suisset
502 591 686 661 moriturus?

71 670 120 739 R.
134 671 217 732 Drst.
240 672 272 731 Si
286 682 351 731 erat
372 670 457 731 brevi
480 671 642 731 moriturus
663 670 852 743 naturaliter,
872 670 993 731 autulio

49 750 132 811 rodo
152 770 214 821 nou
228 751 349 830 injusto,
373 750 475 821 taxari
492 749 582 811 debet
594 750 708 809 lucrum
730 750 768 811 ad
790 762 887 809 ratam
907 751 994 811 istius

49 832 189 908 emporis
204 830 368 899 brevioris;
387 830 412 889 si
426 817 526 895 aulem
536 838 601 889 erat
612 829 789 897 occidendus
798 829 917 908 injuste,
931 849 992 902 uon¹

49 908 133 969 lebet
144 910 255 988 respici
267 921 385 988 tempus
395 908 525 979 brevius,
537 908 589 967 sed
597 909 738 990 quamdiu
752 910 905 969 moraliter
914 909 994 987 judi·

49 986 169 1055 abatur
190 991 412 1068 supervicturus
425 994 451 1049 a
463 989 579 1055 lucrum
592 990 743 1058 iacturum
763 989 833 1069 qma
846 991 897 1067 qui
917 1008 994 1066 prm·

49 1068 129 1126 venit
143 1067 283 1147 injustam
308 1067 584 1137 damnificatiouem,
608 1068 698 1127 etiam
712 1069 858 1147 prevenit
870 1068 993 1127 restitu-

49 1146 116 1207 indi
130 1148 354 1225 obligationem,
375 1158 409 1206 ut
422 1147 553 1213 diximus
566 1147 658 1207 Num.
671 1149 720 1207 49.

82 1226 136 1285 An
147 1226 295 1285 homicida
304 1236 424 1287 tenetur
431 1228 590 1295 restituere
599 1247 744 1305 expensas
754 1226 867 1287 funeris
878 1227 966 1285 occisi
978 1229 992 1287 ?

86 1305 129 1363 V.
150 1306 190 1366 R.
215 1305 402 1365 Probabilids
415 1305 575 1384 negative;
593 1307 650 1367 nisi
664 1306 838 1385 inquantum
853 1306 932 1366 forte
946 1326 995 1365 oc·

50 1383 172 1457 cesione
183 1386 288 1444 mortis
297 1395 481 1463 promoturus
495 1405 573 1443 nuuc
583 1386 712 1464 majores
722 1397 821 1447 esseut
834 1385 997 1454 facieudae3

49 1482 107 1545 quo
117 1483 154 1522 ca
162 1464 344 1523 subomieida
352 1475 506 1523 teneretur
515 1464 553 1523 ad
562 1464 725 1534 auctarium
739 1464 819 1523 istud
830 1489 838 1533 ;
851 1465 929 1523 ratio
940 1475 996 1536 est,

67 1542 128 1613 uod
142 1563 209 1613 curn
222 1543 372 1603 ordinarie
386 1562 524 1620 expensa
544 1543 602 1613 illae
620 1543 714 1603 semel
727 1543 868 1605 iacienda
884 1553 992 1615 essent,

50 1564 184 1693 beredm
199 1622 228 1681 iu
242 1622 297 1681 bac
309 1633 396 1701 parte
409 1621 521 1681 nullum
535 1623 687 1700 patiantur
700 1622 848 1681 damnum.
989 1678 992 1685 .

83 1700 269 1773 Notandum,
280 1703 359 1782 quod
368 1703 393 1760 si
402 1700 574 1771 vulneratus
583 1702 731 1771 moriatur
740 1722 799 1761 uon
814 1721 852 1760 ex
863 1701 997 1770 vulnere,

52 1781 126 1861 quod
138 1800 199 1841 uon
214 1791 278 1839 erat
292 1781 329 1841 de
343 1801 374 1840 se
388 1778 524 1852 mortale,
538 1779 591 1843 sed
611 1801 650 1841 ex
664 1800 717 1849 sua
731 1781 924 1857 negligentia,
945 1780 997 1847 vel

54 1880 87 1929 ex
109 1859 262 1938 imperitia
276 1860 397 1931 Medici,
422 1879 501 1925 urors
524 1868 556 1929 et
575 1858 683 1929 damna
696 1869 798 1919 secuta
810 1879 869 1919 non
883 1860 999 1937 possint

55 1940 189 2017 imputari
211 1937 396 2009 vulneranti3
416 1959 450 1998 ac
463 1937 539 2007 adeo
552 1957 613 1997 uon
625 1948 763 2005 teneatur
782 1937 820 1996 ud
834 1937 921 1997 aliam
934 1958 995 1997 res-

56 2018 231 2089 titutionem,
245 2037 332 2099 quam
346 2018 384 2077 de
398 2018 521 2087 vulnere
534 2029 566 2077 et
579 2017 785 2077 mutilatione:
804 2017 885 2098 quod
904 2017 930 2075 si
944 2017 997 2088 du-

55 2095 127 2157 lium
143 2099 192 2168 sit,
207 2117 243 2157 an
259 2118 297 2158 ex
312 2097 444 2167 vulnere,
467 2117 503 2157 an
518 2117 557 2155 ex
569 2094 849 2176 negligentialaesus
862 2106 998 2156 mortuus

56 2176 96 2248 rit,
141 2176 312 2237 resumitur
325 2197 364 2237 ex
378 2176 500 2236 vulnere
511 2175 633 2243 obiisse.

83 2196 143 2317 Vi).
167 2255 395 2317 Observandum
410 2255 512 2325 etiam,
531 2275 610 2334 sape
625 2254 743 2315 difficile
757 2274 831 2327 esse,
850 2274 888 2315 ue
902 2254 1000 2315 dicam

51 2333 242 2412 impossibile,
258 2337 287 2393 in
301 2335 472 2414 particulari
487 2334 696 2406 determinare,
718 2344 861 2413 quantum
875 2334 997 2412 praecise

49 2415 163 2481 restitui
173 2415 280 2475 debeat
288 2416 324 2475 ab
334 2414 483 2473 homicida
492 2414 539 2472 vel
547 2414 735 2477 mutilatore:
756 2413 995 2475 uudeordinarib

49 2493 228 2552 consulenda
237 2505 282 2553 est
291 2493 451 2553 transactio
462 2513 514 2551 seu
525 2493 700 2571 compositio
712 2493 790 2551 inter
802 2493 958 2565 laedentem
971 2493 997 2549 dr

49 2570 147 2632 besum
173 2574 275 2651 ejusve
296 2573 446 2633 haeredes:
466 2573 492 2631 si
505 2573 577 2633 verb
592 2572 659 2632 talis
673 2572 848 2650 compositio
868 2569 999 2630 obtineri

49 2671 106 2711 oon
120 2654 225 2731 possit,
241 2651 329 2711 debet
343 2651 490 2711 homicida
503 2652 552 2721 vel
565 2650 718 2721 mutilator
731 2650 900 2721 satisfacere
909 2649 1000 2727 juxte

49 2730 206 2791 arbitrium
222 2732 277 2789 viri
290 2731 455 2809 prudentis.

49 2968 85 3030 Ν.
97 2970 165 3028 lto.
197 2969 361 3042 QUIBUS
382 2967 613 3037 FACIENDA
635 2965 704 3027 Slfl'
725 2964 994 3037 RusTITUTIO

277 3046 541 3107 DAMNORUM
562 3045 778 3119 REALIUM.

53 3206 78 3265 1.
96 3206 225 3273 Restitici
243 3206 341 3265 debent
352 3205 417 3265 laeso
429 3204 474 3264 vel
483 3225 543 3282 qus
556 3203 720 3263 herodibus.
781 3202 824 3261 11.
844 3202 913 3261 Non
922 3200 997 3259 aliia

88 3285 151 3355 111.
173 3284 301 3362 Excepto
313 3285 378 3344 bino
390 3304 467 3343 casu.
509 3283 564 3343 IV.
584 3282 741 3359 Nequidem
760 3280 941 3342 amonitus
952 3300 998 3351 oo·

86 3366 150 3423 cisi.
206 3365 244 3424 V.
271 3364 338 3423 Eoi
364 3383 475 3423 censum
497 3361 649 3433 vitalitium
696 3359 899 3439 acipensem.
940 3357 997 3427 Vl,

93 3443 362 3516 Quidtibomicidae
375 3444 533 3503 remittatur
576 3440 650 3500 VII.
695 3436 999 3498 tiamdomnumreale.

87 3600 264 3677 QUIBUS,
283 3600 399 3658 ratione
412 3596 564 3673 homicidii
577 3596 626 3671 vel
639 3594 842 3671 mutilationis,
865 3592 1006 3673 facienda¹

52 3689 97 3740 est
111 3681 264 3740 restitutio
279 3679 454 3737 damnorum
467 3676 614 3735 realium?

1028 3674 1035 3873 ἶ
