2160 4034
61 166 121 230 ild
398 155 405 160 ⁶
439 180 629 227 rnscrsrus

39 282 48 295 '
103 289 146 349 11.
161 288 200 359 ll.
221 288 410 348 Affirmutive
431 308 496 348 cum
519 290 550 350 S.
565 290 623 350 Th.
637 292 1013 368 necessarimm&

60 368 212 448 quianon
233 386 335 428 omnes
354 378 424 428 sunt
437 388 521 447 aeque
535 370 712 447 principales
732 370 763 429 iu
786 371 1013 447 dumuifioaudul

61 447 116 508 sed
139 466 215 508 unus
237 458 338 526 potest
360 467 427 507 esse
450 447 661 507 subordinstus
680 448 787 509 elteri:
807 470 881 530 ergo
903 451 1000 514 debent

60 527 175 586 censeri
190 526 373 586 subordinati
388 527 492 586 ordine
506 528 543 586 ad
557 529 785 587 restituendum.
1006 538 1013 575 ¹

102 606 163 665 Hic
177 607 251 667 ordo
258 626 318 666 uon
329 607 471 665 statuitur
479 607 640 666 secuudum
650 606 792 685 mojorem
804 609 851 668 vel
866 597 1013 675 minorenl

60 685 216 757 influxum,
238 687 289 745 sed
311 685 471 745 secuudum
487 685 566 764 quod
580 686 687 765 aliquis
707 697 755 745 est
773 678 1013 767 prinoipulioiis,l

60 765 150 837 dacto,
165 767 208 824 sit
223 766 253 825 S.
267 766 415 825 Thomas:
437 764 515 824 unde
526 765 590 823 fleri
604 776 713 843 potest,
724 767 804 845 quod
815 787 905 827 causa
914 769 1013 843 mich!

61 845 187 904 influens
197 847 285 923 quiem
297 845 401 916 alters,
412 854 656 904 teneaturtamen
668 845 772 904 ordine
783 848 867 924 prior
877 848 916 906 ad
927 850 1013 909 nst!

61 924 217 994 tutionem,
233 926 321 1002 quim
336 924 439 982 ultera.
1004 916 1013 969 l

103 1004 179 1076 Quis
193 1015 239 1064 est
251 1005 324 1062 ordo
333 1002 531 1062 restitutionis
540 1003 619 1061 iuter
633 1003 780 1082 obligatos
795 1005 824 1062 in
840 1005 983 1068 solidum?
1002 1008 1013 1049 ¹

64 1119 66 1125 ·
103 1082 163 1142 Ill.
184 1084 222 1144 lt.
244 1082 347 1142 Primo
360 1083 435 1152 loco,
460 1102 513 1140 seu
527 1094 596 1141 ante
610 1103 712 1142 omnes
725 1083 799 1144 alios
818 1095 940 1144 tenetur
958 1069 1013 1146 dall

60 1171 163 1221 tentor
184 1163 229 1222 rei
249 1162 353 1221 alienu
372 1161 502 1220 extantis
517 1161 547 1219 in
562 1181 593 1220 se
606 1163 655 1221 vel
675 1163 707 1221 iu
727 1165 928 1242 aequiruleuti,
947 1167 1013 1226 siat

61 1241 141 1301 lond
155 1243 309 1309 sive-male
321 1241 380 1300 fido
394 1242 550 1318 acceperit.
991 1251 1013 1287 ·r

103 1321 136 1381 si
147 1341 195 1380 res
206 1321 301 1380 alienu
310 1321 391 1379 nullo
403 1321 492 1379 modo
503 1331 594 1387 extat,
604 1320 700 1379 adhuc
709 1321 806 1399 primo
815 1322 883 1382 loco
892 1330 1013 1391 torreta·

61 1400 121 1471 ille,
133 1402 184 1478 qui
196 1401 341 1459 maldfide
350 1420 414 1460 eam
424 1399 615 1477 consumpsit,
624 1401 688 1459 sive
699 1401 785 1460 istius
795 1405 840 1462 rei
849 1391 1013 1465 utilitate-l

61 1483 213 1558 percepit3
234 1481 303 1558 quia
316 1479 406 1558 juxta
420 1479 552 1557 regulum
568 1482 616 1537 39.
625 1479 704 1557 juris
718 1480 748 1537 in
763 1485 790 1539 6.
831 1493 851 1521 “
864 1483 926 1543 Pro
940 1490 1013 1562 pus-¹

61 1569 79 1597 “
94 1579 211 1618 sessore
225 1559 351 1618 habetur
364 1560 413 1638 qui
429 1559 498 1617 dolo
512 1559 601 1617 desiit
611 1560 793 1636 -possidere.''
989 1571 1013 1607 ³¹

102 1640 184 1698 Hinc
196 1639 222 1698 si
236 1639 336 1716 plures
349 1638 437 1697 simul
451 1638 528 1696 malt
538 1637 600 1696 tdc
613 1656 677 1696 rom
690 1643 938 1718 consumpserint,
954 1651 1013 1702 um¹

62 1719 101 1780 de
128 1720 193 1799 ejus
215 1719 347 1777 utilitate
370 1718 622 1797 participaverint,
645 1718 754 1796 singuli
780 1739 836 1798 pro
859 1731 925 1780 rats
950 1736 1013 1783 seu

60 1800 155 1878 partis
169 1810 311 1858 tenentur
323 1798 419 1875 primo
430 1796 505 1856 loco.
989 1792 1001 1877 ¹⁸

102 1879 219 1956 Excipe
232 1881 277 1935 10.
293 1877 325 1936 Si
332 1878 477 1936 mandans
487 1875 630 1934 concedat
638 1879 790 1936 executori
800 1897 863 1937 ram
872 1877 1013 1953 ablatori.

60 1969 115 2018 aut
124 1956 189 2036 ejus
198 1967 324 2036 partem,
334 1956 363 2013 in
374 1957 550 2025 mercedem,
560 1955 613 2034 qui
622 1974 686 2014 eam
695 1959 887 2035 consumpsit,
899 1958 1013 2038 ubsque

64 2058 110 2109 eu,
131 2038 210 2116 quod
229 2036 298 2094 iude
317 2035 414 2094 factus
430 2035 470 2093 sit
484 2035 584 2094 ditior.
622 2038 672 2102 2⁰.
696 2037 727 2095 Si
742 2037 888 2096 mundans
904 2037 1013 2116 jubet!

64 2118 130 2176 aliis
144 2137 207 2176 rem
219 2134 402 2185 consumere,
413 2134 441 2173 v.
451 2135 480 2192 g.
493 2116 583 2173 herus
593 2113 681 2192 jubet
692 2135 776 2174 ovem
789 2117 932 2175 furtivum
944 2136 1013 2185 oum

63 2197 140 2256 sumi
154 2216 172 2254 a
184 2195 302 2254 famulis
317 2196 394 2252 suis:
415 2195 445 2252 in
467 2194 512 2252 his
527 2196 552 2252 du
567 2193 710 2253 similibus
732 2195 846 2254 casibus
867 2197 1013 2258 mandene

63 2275 214 2336 tenebitur
228 2276 324 2352 primo
337 2273 421 2343 looo;
441 2275 511 2352 quin
532 2275 560 2331 in
583 2291 614 2332 se
631 2275 780 2352 suscipere
802 2276 1013 2347 videtur-oua

62 2355 240 2415 restituendi
255 2373 315 2431 prae
330 2355 453 2412 caeteris.

104 2435 160 2495 IV.
182 2433 318 2493 Secundo
332 2433 397 2491 loco
413 2443 532 2491 tenetur
546 2431 696 2502 inundans,
711 2452 763 2491 seu
778 2435 827 2513 qui
842 2434 882 2504 vi,
896 2434 1013 2511 fraudq

61 2514 161 2583 minis,
172 2511 317 2591 precibus,
331 2511 491 2580 blanditiis,
506 2513 557 2569 duc.
571 2510 696 2569 alterum
706 2513 1013 2591 addemnificsudusp

61 2593 183 2653 induxit
193 2593 227 2650 in¹
238 2595 283 2650 sui
294 2594 430 2668 gratiam,
445 2591 523 2672 quin,
540 2600 573 2648 ut
586 2591 628 2648 ait
640 2591 670 2649 S.
685 2591 825 2662 Thomas,
840 2603 887 2651 est
900 2595 1011 2671 priscis

61 2673 138 2752 palis
152 2674 182 2729 iu
196 2672 285 2730 facto.
316 2671 444 2745 Quodsi
458 2673 523 2751 quis
537 2670 583 2728 his
593 2670 688 2729 modis
702 2669 791 2729 ulium
806 2672 964 2732 induceret
972 2674 1013 2737 udi

60 2751 271 2821 murldaudum,
296 2759 415 2809 tenetur
435 2750 499 2828 ipse
519 2760 660 2831 tunquam
680 2751 822 2810 mundans
842 2753 1013 2815 mandantis

61 2832 222 2893 restituere
235 2841 304 2890 unte
318 2830 417 2888 alium.
997 2833 1013 2890 d

103 2912 143 2971 Si'
163 2920 307 2969 executor
328 2910 447 2967 nomine
468 2909 599 2967 omnium
627 2908 756 2984 positive
785 2911 1013 2988 cooperantium

63 2991 203 3051 damnum
230 2989 340 3057 intulit,
370 3008 471 3046 omnes
496 2987 583 3045 simul
609 2997 749 3046 tenentur
769 2999 907 3070 tanquam
929 2990 1006 3052 maus

63 3072 178 3138 dantes,
200 3070 391 3138 &executor,
412 3068 471 3146 qud
490 3067 567 3137 talis',
589 3076 656 3143 post
670 3067 764 3144 ipsoe;
788 3069 844 3126 nisi
859 3069 898 3127 sit
918 3070 1013 3148 etiaup

58 3160 140 3209 unus
154 3148 282 3216 illorum,
297 3167 422 3228 quorum
437 3148 525 3206 sauss
543 3148 654 3204 fectum
669 3157 724 3215 est,
746 3158 778 3204 ut
792 3148 817 3204 si
831 3148 917 3206 multi
932 3152 1013 3211 oud

62 3229 146 3289 muni
164 3247 307 3285 consensu
328 3229 358 3284 iu
380 3226 499 3307 aliquod
514 3225 652 3284 domnum
674 3226 854 3304 conspirent,
876 3228 1013 3310 illudque

62 3327 141 3366 unus
155 3307 273 3365 nomine
288 3305 417 3363 omnium
434 3316 607 3386 exequatur.
998 3309 1013 3371 fl

106 3388 145 3448 V.
165 3386 271 3445 Tertio
281 3384 346 3443 loco
361 3395 479 3443 tenetur
494 3396 644 3453 executor,
660 3383 806 3462 quiapost
820 3386 1013 3450 mandamus

65 3458 1013 3543 estprincipalisdamnicausn‚&damnificetmandantisnominel

46 3567 49 3571 ’
104 3546 161 3607 VI.
178 3545 292 3618 Quarto
302 3544 376 3614 loco,
388 3544 450 3603 sive
459 3553 528 3622 post
538 3553 727 3601 executorem
739 3556 878 3603 tenentur
886 3546 1013 3626 reliqui

63 3626 194 3707 quinque
214 3643 307 3682 oausae
326 3623 472 3701 positirae,
493 3623 605 3682 scilicet
625 3623 789 3694 consulens,
808 3626 1013 3699 consentiens?

33 3754 35 3759 .
62 3706 195 3785 palpans,
210 3713 363 3784 receptans
378 3702 596 3782 &participans
610 3704 768 3764 iunctione
782 3703 908 3783 injusta:
929 3706 1013 3773 ratior
