2160 4034
342 187 387 230 nn
405 187 488 233 enan
507 189 549 232 rr
567 189 723 233 susurris.
994 173 1013 227 7

99 284 453 368 Dicitnr'“perpetna,’'
480 310 521 351 ex
540 301 626 371 parte
649 291 769 372 objecti,
790 291 848 351 hoc
869 300 916 350 ast
934 293 1018 352 omni

10 398 20 437 ,
60 375 199 446 tempore
215 369 248 427 ἃ
262 370 293 427 ἱιι
313 369 396 428 omni
409 371 554 448 negotior
574 391 634 431 non
655 383 756 433 autem
770 392 810 432 ex
822 380 909 450 parte
922 372 1015 446 actile,

10 466 13 545 ι
58 447 144 523 qussi
158 448 212 508 ille
224 451 371 527 perpetui
385 449 517 509 duraret.

96 521 143 585 Et
155 537 175 565 ⁴⁴
186 529 353 600 comtars,”
373 549 440 607 quar
452 530 644 607 particulare
658 540 742 591 tenet
755 550 794 590 ex
804 540 893 608 parta
907 530 1012 591 volun·

56 605 138 676 tatis,
159 607 296 667 indicans
308 609 480 669 firmitatem
494 610 727 691 ejus-propoaiti
752 609 835 688 qnasi
850 610 1010 683 diceretur,

56 682 143 743 lirma
156 688 186 744 ἃ
200 699 337 748 constans
348 688 485 749 voluntas
500 689 649 767 justitiam
665 690 869 749 conservandi.

96 763 254 844 Sequitur,
268 767 342 846 “jus
356 781 441 827 suum
455 769 563 848 cuique
576 768 755 839 tribuendi,”
768 789 823 847 per
836 787 902 846 quae
917 769 1009 828 verba

54 842 253 920 significetur,
264 847 343 925 qudd
349 847 469 925 justitia
482 848 591 910 debeat
604 868 669 909 esec
683 849 721 909 ad
732 848 859 907 alterum
873 847 1008 926 supposi-

56 931 129 992 tum,
156 936 193 983 ut
205 925 240 985 lit
254 927 283 984 in
299 927 444 999 humanis,
471 928 519 986 rel
533 927 637 986 saltem
650 928 687 986 ad
702 927 849 987 diversam
860 939 1006 999 naturam,

58 1011 89 1059 ut
99 1001 135 1061 ut
149 1006 182 1062 in
194 1005 317 1065 Christo
328 1007 537 1078 satisfaciente,
551 1008 589 1067 de
600 1007 700 1098 quoin
716 1016 734 1046 ‘⁶
746 1009 847 1069 Tract.
858 1007 895 1066 de
908 1006 1007 1066 Incar-

56 1082 236 1143 “nrtione.”
276 1086 548 1146 Particulaautem
572 1096 590 1124 ‘⁸
600 1106 652 1163 Jus
672 1087 773 1147 suem*
797 1086 941 1147 denotant
964 1086 1005 1157 id,

56 1162 132 1238 quod
145 1163 238 1223 alteri
252 1165 289 1224 sd
303 1165 503 1244 aequalitatem
524 1177 571 1226 est
584 1165 728 1225 debitum.

92 1241 141 1300 Ex
155 1243 248 1303 dictis
260 1256 354 1323 patet,
379 1245 582 1305 definitionem
598 1246 726 1325 justitiae
740 1245 842 1305 reduci
864 1244 1005 1323 possead

58 1318 126 1378 lanc
139 1323 288 1384 formam:
309 1325 404 1384 virtus
424 1325 569 1384 inclinans
582 1335 754 1389 constanter
767 1325 949 1385 voluntatem
964 1322 1004 1382 ad

57 1405 197 1476 perpetrm
212 1404 399 1463 reddendum
413 1405 573 1483 unicuique
588 1405 640 1482 jus
651 1424 746 1465 suum.

89 1480 252 1553 Quodnam
265 1495 312 1542 est
321 1483 470 1561 objectum
480 1484 633 1562 justitia?

89 1558 149 1618 ΙΙΙ.
172 1563 213 1621 R.
238 1562 399 1641 Objectnm
422 1564 580 1623 materiale
606 1573 677 1622 sunt
702 1582 752 1622 res
784 1561 834 1622 vel
859 1561 1000 1632 actiones,

58 1638 155 1714 quibus
169 1641 283 1700 satisfit
298 1643 361 1718 juri
375 1643 507 1702 alterius.

89 1718 255 1791 Quomodo
270 1721 416 1781 dividitur
422 1722 565 1801 justitia?

17 1808 21 1829 ³
86 1796 142 1857 lv.
164 1798 206 1858 R.
230 1801 265 1859 In
279 1802 450 1878 generalem
472 1803 499 1860 dr
511 1800 732 1880 particularem.
773 1799 929 1861 Generalis
949 1819 1001 1858 vo·

55 1885 129 1934 catur
143 1880 238 1937 ctiam
253 1880 396 1958 legalis&
409 1879 536 1958 publica,
551 1883 578 1939 ἃ
591 1890 638 1939 est
651 1879 755 1950 virtus,
770 1899 836 1957 qua
851 1879 1001 1939 hriminem

54 1954 100 2015 rito
111 1956 279 2018 ordinat&
293 1960 397 2038 dirigit
407 1961 446 2019 cd
460 1960 570 2019 bouum
584 1978 739 2019 commune
752 1960 816 2017 sive
829 1958 979 2036 generale.

82 2037 285 2098 Particularia
298 2040 409 2098 dicitur
421 2040 481 2110 illa,
495 2059 562 2118 quoe
573 2039 722 2097 hominem
738 2036 831 2096 dibile
846 2038 951 2116 dirigit
961 2037 999 2096 nd

52 2133 292 2196 unumquemque
302 2118 522 2197 particularem.

82 2195 120 2254 V.
142 2198 276 2258 Justitie
290 2198 476 2275 particularis
500 2194 699 2257 subdividitur
712 2197 741 2254 in
758 2198 999 2255 commutativam

45 2273 319 2348 &distributio-am,
333 2277 389 2336 sub
403 2277 510 2355 quibus
524 2278 614 2337 etiam
622 2278 791 2336 continetur
801 2276 999 2334 vindicatira:

43 2366 206 2491 ffiantem
231 2357 445 2416 commutatira
465 2358 528 2416 sola
550 2357 670 2435 proprie
693 2357 772 2415 dicta
788 2355 909 2434 justitia
929 2366 999 2414 ante

98 2435 175 2493 nita.

76 2512 995 2594 Quomododifferuntjustitiacommutarim&distributivaa

75 2592 135 2652 vl.
158 2594 202 2654 R„
225 2597 273 2652 1⁰.
294 2595 384 2669 Qndd
403 2595 523 2672 justitia
546 2595 758 2653 commutativa
779 2594 886 2653 reddat
909 2593 996 2651 alteri

35 2670 190 2748 jussuum
206 2673 368 2732 secundum
388 2675 610 2752 proportionem
625 2671 860 2732 arithmeticam:
877 2672 997 2750 justitie

38 2753 107 2810 vero
136 2752 336 2812 distributive
363 2752 439 2813 bona
466 2754 493 2812 dr
521 2773 612 2812 onere
646 2753 813 2811 communia
837 2751 996 2810 distribuat

37 2832 204 2891 secundum
220 2833 445 2911 proportionem
456 2834 677 2913 geometricam.
853 2872 857 2879 -

76 2911 111 2969 ln
125 2930 192 2990 qno
206 2911 266 2971 illae
281 2913 346 2971 dnae
360 2914 569 2990 proportiones
583 2912 807 2989 distinguuntur
820 2882 870 2972 μ’

77 2990 113 3050 R.
136 2992 307 3070 Propertio
330 2992 519 3051 arithmetica
540 2992 662 3071 respicit
682 2993 880 3069 aequalitatem
895 2991 940 3050 rei
955 2992 993 3050 ad

36 3088 180 3140 remmon
190 3071 379 3150 respiciendo
389 3070 562 3152 qualitatem
571 3073 776 3150 personae,nisi
786 3092 838 3150 per
847 3071 992 3143 accidens,

38 3151 61 3207 ἃ
72 3149 244 3210 secundnm
254 3151 336 3230 quod
346 3171 400 3230 per
409 3151 465 3211 hoc
475 3172 523 3210 res
534 3153 599 3229 ipsa
609 3151 834 3210 diversificatur.
860 3153 989 3229 Proper-

36 3230 74 3288 tio
87 3231 281 3308 geometrica
294 3231 462 3290 considerat
472 3232 588 3301 merita,
603 3231 770 3310 qualitates,
785 3234 836 3290 &a
850 3250 990 3309 persona·

35 3328 95 3367 rum
110 3309 281 3369 secundnm
297 3330 338 3380 se,
363 3310 498 3388 &qualis
512 3321 558 3369 est
571 3311 727 3388 proportio
747 3312 920 3370 meritorum
936 3320 987 3368 aut

35 3389 227 3465 qualitatum,
251 3389 341 3449 talem
356 3391 511 3448 constituit
526 3390 658 3449 ordinem
674 3391 870 3466 praeferentia
883 3408 985 3467 perso·

34 3487 134 3527 narum
151 3472 178 3526 8r
192 3470 420 3548 proportionem
433 3489 534 3528 rerum
548 3469 828 3529 distribuendarum.

68 3551 116 3606 20.
139 3548 273 3610 Justitia
292 3550 504 3609 commutativa
526 3548 659 3608 differtd
680 3550 870 3609 distributim
894 3551 923 3608 in
939 3570 985 3622 eo,

37 3627 106 3705 qnod
122 3649 165 3687 ex
187 3627 303 3687 violata
321 3627 440 3706 justitia
464 3630 676 3688 commutativa
698 3631 811 3688 oriatur
838 3630 982 3709 obligatio

37 3707 244 3782 restitutionis,
254 3726 315 3770 non
324 3728 363 3769 ex
372 3707 531 3770 violatione
545 3709 636 3767 solius
641 3707 766 3786 justitiae
776 3710 983 3771 distributiva.
1029 3738 1032 3787 ς

506 3807 527 3847 a
548 3791 567 3846 3
1030 3796 1032 3803 “
