2160 4034
58 148 118 207 878
456 166 644 212 euersum
723 232 725 239 Ι
1016 39 1036 413 x

1045 311 1049 347 1

295 426 355 490 uo.
376 424 425 489 55.
466 432 527 492 un
548 429 769 495 eumeleus.
995 382 999 388 ¹
1032 458 1042 639 p

58 588 84 653 l·
112 590 221 651 Census
266 589 309 650 ll.
328 592 469 651 dividitur
517 591 577 652 lll.
595 594 628 650 iu
652 593 858 652 smutturam
901 588 1002 671 md

100 672 351 809 sufflatum
377 666 422 808 {j
432 662 557 740 Reum,
593 669 1004 810 Vl·¹⁰53”1'3032‚,l¹¹·⁸1
1034 652 1042 681 “

99 770 163 888 :inre
174 770 399 901 gnomonem.
414 750 804 907 wzaeclmiariur,
839 827 904 888 xl.
922 772 933 806 l
952 772 1009 890 :dd

99 907 338 1049 wmdilm
359 907 528 987 Perpetuos.
562 908 656 968 Xlll.
676 909 890 988 &temporalem
926 909 1009 972 XIV.

60 1040 64 1047 .
164 1008 201 1046 rm
254 1007 288 1045 rr.

101 1146 211 1225 QUID
225 1158 273 1208 est
285 1144 413 1209 census?

102 1230 126 1290 l.
147 1230 186 1289 lt.
209 1229 322 1288 Consus
345 1224 504 1306 tripliciter
527 1230 620 1308 accipi
644 1241 763 1309 potestr
788 1231 832 1292 1⁰.
857 1233 929 1292 Pru·
943 1244 1010 1311 perr·

59 1310 144 1368 sione
156 1316 263 1376 eunuc,
285 1312 333 1366 2⁰.
355 1309 415 1367 Pro
425 1308 495 1385 jure
508 1310 546 1368 ud
560 1309 651 1380 illem,
672 1317 698 1370 dr
710 1306 761 1369 8⁰»
781 1313 844 1371 Pro
859 1320 1010 1372 contractu

59 1387 200 1458 censuali,
215 1387 252 1446 dc
262 1407 321 1468 quo
335 1386 384 1445 hic
397 1389 582 1465 potissimum
594 1391 703 1467 egitur,
718 1391 917 1450 &definitur-t
939 1391 1011 1451 (lon-

60 1479 182 1537 trectus‚
197 1487 257 1546 qno
271 1467 420 1525 emitur&
434 1469 573 1527 venditur
582 1471 633 1548 jue
643 1470 825 1548 percipiendi
840 1471 1011 1550 pensionem

60 1567 99 1607 ex
112 1567 147 1606 re
160 1547 207 1604 vel
222 1566 349 1625 perrona
362 1546 485 1606 alterius
499 1544 566 1606 utlli
580 1549 627 1607 rel
641 1551 796 1628 frugifero.

101 1628 230 1704 Emptor
243 1624 358 1695 ceorlis,
381 1643 435 1685 seu
457 1624 517 1699 ille,
541 1629 597 1708 qui·
613 1631 725 1708 gaudet
742 1628 815 1706 jure
837 1630 1009 1708 pensionem

60 1705 255 1785 percipiendi,
270 1713 393 1766 vocetur
406 1709 555 1768 cerrsuiste
568 1709 614 1768 rel
629 1707 814 1768 consualietu.

101 1786 251 1880 Venditor
265 1788 379 1858 ceneris,
402 1784 454 1848 seu
469 1788 529 1858 ille,
549 1790 600 1871 qui
613 1799 756 1866 gravetur
768 1808 863 1849 onere
881 1786 1010 1849 solvendi

60 1882 244 1946 pemmonem,
258 1879 382 1928 vocetur
394 1871 575 1928 censuerius'.

78 1966 81 1971 ’
103 1947 248 2023 Qurrrrem
263 1949 292 2006 in
307 1959 461 2007 contractu
475 1951 581 2008 cresus
594 1957 642 2006 est
655 1967 704 2007 res
717 1950 840 2026 empta?

23 2076 26 2085 .
102 2022 141 2088 R.
162 2030 219 2088 Est
237 2027 288 2105 jus
312 2027 351 2085 ed
374 2027 546 2106 pensionem
567 2047 711 2086 annuum:
732 2028 863 2106 pretinm
880 2027 953 2086 vero
971 2025 1010 2086 rei

61 2120 169 2188 emptae
181 2118 227 2166 est
241 2126 355 2165 summe
365 2107 507 2184 capitulis,
522 2127 588 2186 qum
598 2127 652 2185 pro
661 2109 733 2185 jure
741 2108 799 2166 isto
810 2107 918 2166 datur:
940 2107 1011 2164 unde

62 2199 231 2248 contractus
245 2188 349 2245 censds
364 2198 411 2245 est
423 2187 506 2244 velut
522 2187 636 2264 species
650 2185 1010 2264 emptionis-venditionis.

61 2284 72 2303 ⁸
104 2266 264 2342 Quomodo
278 2266 422 2324 dividitur
435 2269 563 2326 census?

105 2349 148 2408 ll.
169 2348 208 2407 R.
233 2349 277 2404 1⁰.
299 2345 347 2403 Ex
362 2358 447 2422 parte
461 2346 551 2417 modi,
575 2365 635 2427 quo
648 2345 851 2417 constituitur,
876 2347 907 2404 in
923 2362 1012 2404 reser-

62 2429 195 2487 vetivum
210 2429 237 2484 e
250 2426 495 2503 consignetivnm.

104 2511 153 2567 20.
175 2507 323 2583 Experto
344 2504 476 2563 materies
496 2524 548 2562 seu
568 2504 663 2573 fundi,
684 2522 847 2583 superque
862 2503 1011 2563 constitui·

62 2598 124 2655 tor,
139 2589 168 2644 in
184 2585 303 2654 realem,
315 2584 499 2662 personalem
514 2590 540 2643 dl
553 2586 690 2642 mixtum.

104 2669 153 2724 8⁰.
174 2666 223 2723 Ex
237 2676 322 2743 perte
335 2663 468 2722 materie
478 2683 529 2722 seu
545 2664 695 2741 pensionis
708 2661 867 2733 solvendus,
882 2663 912 2720 in
928 2680 1011 2740 pecu·

63 2746 190 2803 niarium
205 2755 237 2802 et
250 2743 453 2802 fructuarium.

103 2827 152 2881 40.
173 2824 222 2882 Ex
236 2833 321 2900 parte
336 2821 509 2891 durationis,
531 2822 560 2879 in
575 2822 766 2898 temporalem
780 2831 813 2881 et
826 2830 1011 2899 perpetuum.

103 2905 152 2960 50.
175 2903 208 2959 ln
224 2901 420 2960 redimibilem
434 2912 465 2959 et
479 2901 713 2960 irredimibilem.

106 2981 187 3054 Quid
202 2993 248 3039 est
262 3001 366 3040 census
381 2980 602 3040 reservetivus?

107 3061 167 3118 111.
189 3061 228 3118 R.
251 3062 307 3118 Est
321 3060 380 3130 ille,
403 3081 462 3140 qno
477 3061 618 3137 quierem
634 3079 716 3118 suem
738 3060 841 3118 utilem
856 3067 908 3117 eut
922 3058 1014 3136 frugi·

64 3141 158 3200 feram
173 3141 316 3197 transfert
335 3139 364 3196 iu
383 3139 508 3198 alterurn
530 3139 628 3218 quoad
647 3139 808 3198 dominium
825 3138 973 3197 directum
992 3143 1016 3196 dr

67 3219 150 3290 utile,
175 3230 326 3276 reservato
342 3219 399 3276 sibi
417 3220 487 3296 jure
501 3218 683 3297 percipiendi
706 3239 744 3278 ex
768 3239 804 3277 ee
826 3219 1016 3296 pensionem:

66 3299 135 3358 tulis
150 3307 215 3355 erut
229 3317 342 3364 census,
357 3317 443 3376 quem
459 3297 573 3375 Joseph
590 3298 666 3358 Gen.
680 3318 744 3376 cup.
757 3301 807 3356 47.
821 3297 977 3356 coustituit
989 3297 1016 3354 iu

68 3377 204 3436 omnibus
225 3378 313 3434 terris
333 3376 559 3454 AEgyptiornm,
581 3379 779 3458 praeterqndm
806 3375 1017 3444 secerdotum

67 3458 93 3515 dr
116 3456 285 3534 hujusmodi
308 3457 503 3515 communiter
518 3468 586 3515 sunt
601 3477 705 3516 census
724 3454 925 3524 dominicales,
946 3455 1017 3514 fluu-

66 3536 149 3594 drius
163 3535 301 3612 Hecrlpke
319 3533 458 3610 Odynsem
470 3537 574 3612 gallice
592 3537 666 3596 oens
677 3539 885 3612 reipneurionc.
910 3533 1017 3595 Stock·

67 3633 150 3674 muns
165 3628 262 3674 tumen
278 3613 427 3674 decisione
441 3617 489 3673 80.
500 3616 582 3689 dicit,
597 3617 728 3678 incensu
740 3613 908 3674 dominicali
924 3613 1018 3675 domi·
