2160 4034
305 171 348 213 nu
367 169 450 213 tons
469 169 511 213 ar
536 168 694 214 wemma.
773 207 776 212 ,
944 150 983 208 71

65 274 93 336 Ε
105 273 258 335 antemio
269 291 338 333 casu
348 290 412 366 uon
424 271 523 352 possit
532 270 679 368 impedire
700 272 838 365 damnum
852 270 985 360 proximi

49 354 83 415 'ne
94 373 158 413 suo
170 353 285 414 «lemno
294 352 406 446 majori
417 363 470 412 aut
482 351 598 434 mauolt,
622 353 791 413 censebitur
799 361 884 430 Justa
897 370 985 410 causa
1032 371 1034 374 ’

49 431 151 494 bandi
176 453 213 493 se
235 433 429 512 permissum
447 451 518 492 nam
539 433 634 492 multo
657 434 755 491 minor
776 442 822 490 est
840 428 985 507 obligatio

49 531 168 607 imnum
179 511 375 593 impediendi,
395 511 514 594 quando
537 511 612 572 illud
632 532 691 572 nou
706 512 803 575 oritur
822 531 861 571 ex
874 509 985 590 injusta

49 604 216 732 witer
224 669 564 731 hicnotaudumdicttsm
577 671 717 750 Gregorii
729 669 789 730 IX.
799 679 885 729 extra
893 667 945 728 lib.
954 671 983 726 3.

49 772 63 811 '-
88 753 141 811 16.-
184 761 206 791 “
221 753 328 822 Paeto,
344 751 430 810 mora
450 751 500 810 vel
522 751 609 831 culpa
634 748 880 830 praecedentibus,
899 767 983 808 easus

49 830 149 891 aiam
157 831 305 892 fortuitus
318 829 510 910 imputatur.”
977 862 980 869 ,

58 1029 100 1090 N.
124 1033 176 1091 44.
220 1028 281 1090 ΒΕ
302 1024 595 1104 ΟΠΑΝΤῙΤΑΤΕ
621 1026 943 1091 OBLIGATIONIS

327 1108 681 1170 RESTITUTIONIS.

49 1230 224 1306 ‚Obliqctio
250 1229 985 1309 natitutionista'tuloreiaccqrtaeestyrauisin

61 1311 293 1385 maminotum,
313 1308 660 1369 connumerabat
701 1308 745 1368 Il.
768 1309 985 1414 Ilmbirjastoe

62 1391 246 1468 amimam.
287 1387 346 1447 111.
365 1387 596 1448 Dumdcatnum
618 1388 896 1467 estornoebculpo
908 1388 985 1447 lenia

64 1469 121 1530 lv.
151 1469 406 1528 Varioesmtentioe.
446 1468 485 1529 V.
504 1467 619 1538 Prima,
639 1478 726 1527 totam
751 1468 802 1527 sab
824 1469 889 1527 laci.
928 1466 986 1528 Vl.

66 1549 214 1621 Soemdc,
224 1545 468 1626 personatam
509 1546 852 1608 VllTertionildeberi.
893 1545 986 1607 VllI.

187 1668 198 1700 ,
228 1636 318 1687 meaa
337 1625 390 1686 aab
407 1628 504 1704 gravi.
545 1626 604 1687 IX.
624 1626 815 1687 Moderatum.
857 1626 899 1687 X.
919 1625 983 1684 Pro

67 1822 260 1901 QUANTA
280 1833 326 1884 cst
335 1823 479 1903 obligatio
492 1824 700 1895 mstitntionis,
720 1824 774 1884 nbi
788 1825 855 1907 quis
868 1833 988 1885 tenetur

49 1904 111 1965 itnlo
126 1906 178 1964 rei
191 1904 342 1982 acceptus?
721 1927 724 1937 ·

68 1982 88 2044 l.
108 1982 153 2044 R.
177 1982 217 2042 In
231 1982 357 2043 materia
369 1983 455 2062 gravi
468 1991 515 2043 est
527 1982 665 2062 gravis&
678 1983 710 2041 in
723 1984 849 2055 materia
861 1983 921 2044 levi
934 2002 989 2065 per

49 2083 131 2124 onon
146 2071 197 2122 est
211 2061 271 2120 nisi
283 2061 368 2122 levis.

67 2143 153 2219 Quot
167 2141 269 2201 modis
282 2149 382 2220 potest
393 2141 517 2202 materia
530 2141 715 2202 restituenda
725 2161 790 2202 esse
803 2143 929 2220 gravis?

63 2220 102 2283 R.
123 2220 320 2300 Dupliciter:
341 2221 399 2280 alia
412 2222 614 2300 estgravisex
625 2241 656 2282 se
666 2221 882 2301 octuplicitas,
894 2222 989 2302 qualis

49 2310 78 2373 at,
106 2302 135 2360 si
161 2298 357 2380 possideatur
369 2321 418 2360 res
432 2300 532 2379 magni
546 2300 656 2360 valoris
676 2301 728 2360 uni
751 2319 887 2379 personae
904 2303 991 2360 resti·

49 2381 156 2442 leuda:
180 2379 302 2440 aliaest
325 2381 425 2458 gravis
438 2398 493 2458 per
514 2379 649 2440 accidens
663 2383 739 2440 &ex
752 2381 991 2452 circumstantiis,

49 2472 57 2520 t
77 2461 157 2520 dum
181 2479 234 2519 res
256 2459 357 2518 multae
369 2460 451 2519 leves
473 2459 599 2520 diversis
612 2460 803 2519 restituenda
822 2461 990 2519 coalescunt

49 2566 52 2600 ι
66 2558 163 2600 unam
179 2539 348 2598 materiam.

59 2621 228 2680 Praeterea
238 2616 381 2696 obligatio
391 2619 568 2678 restituendi
577 2628 677 2697 potest
687 2638 752 2678 esse
761 2618 869 2696 gravis,
880 2618 932 2676 ubi
942 2636 991 2677 res

49 2719 105 2759 nse
121 2698 206 2758 levis
221 2706 276 2775 est,
288 2699 313 2756 si
327 2699 391 2775 ipsa
405 2716 470 2755 com
485 2696 602 2770 damno,
612 2697 822 2780 quodorietur,
836 2699 894 2756 nisi
904 2698 991 2757 resti·

49 2780 99 2839 nio
116 2779 188 2848 fiat,
205 2776 367 2836 constituat
379 2776 534 2836 materiam
548 2794 680 2856 gravem,
702 2788 736 2836 ut
745 2796 823 2856 saepe
843 2777 991 2855 contingit

49 2858 145 2918 itione
159 2857 242 2916 lucri
256 2857 407 2927 cessantis,
428 2858 480 2915 &a

64 2939 199 3012 Quanta
209 2946 257 2995 est
265 2935 408 3013 obligatio
417 2935 624 3008 restitutionis,
634 2935 686 2995 ubi
697 2935 763 3015 quis
773 2946 892 2997 tenetur
900 2936 989 2998 titulo

49 3015 151 3097 njostae
166 3016 374 3093 acceptionis?
549 3023 554 3032 '

69 3096 113 3157 11.
136 3096 183 3157 R.
206 3095 321 3155 lterum
339 3095 430 3173 juxta
451 3093 630 3173 gravitatem
654 3094 752 3153 damni
775 3115 827 3153 seu
850 3095 992 3156 materiae.

49 3176 108 3234 iaec
117 3175 186 3234 <luo
197 3183 267 3234 sunt
281 3185 381 3234 certa:
418 3175 462 3233 1⁰.
483 3173 566 3233 Dum
575 3173 713 3233 damnum
725 3173 839 3232 illatum
848 3175 994 3236 estunde-

49 3275 153 3337 uaquc
183 3254 260 3325 leve,
280 3264 342 3313 tam
366 3272 405 3314 ex
419 3274 459 3325 se,
482 3255 570 3332 quam
597 3273 637 3312 ex
662 3253 899 3325 circumstantiis,
919 3253 994 3312 locri

49 3335 191 3405 astantis,
206 3333 307 3392 damni
321 3353 402 3392 emer
424 3334 511 3404 entis,
532 3339 582 3392 &c
597 3332 739 3411 obligatio
753 3333 931 3394 restituendi
944 3342 991 3391 est

49 3413 154 3473 antium
169 3413 256 3484 levis,
276 3412 347 3472 licet
368 3352 463 3492 culpa,
484 3412 543 3490 qua
556 3410 694 3472 damnum
706 3411 819 3470 illatum
835 3423 890 3482 est,
903 3411 996 3470 luerit

49 3493 224 3570 gravissima.
264 3495 313 3550 20.
334 3493 415 3551 Dum
427 3494 566 3552 damnum
580 3502 626 3551 est
639 3511 739 3570 mave,
768 3492 793 3549 δι
814 3492 928 3550 illatum
956 3509 995 3548 ex

49 3572 120 3651 talpa
134 3573 300 3651 gravissu
324 3572 451 3639 mortali,
473 3571 616 3648 obligatio
639 3568 815 3630 restituendi
837 3570 936 3649 mavis
950 3579 998 3631 est

49 3651 266 3732 proportionata
279 3652 317 3712 ed
332 3649 528 3731 quantitatem
542 3649 651 3709 damni.
