2160 4034
60 133 116 192 loa
455 142 656 189 catenarus·

61 270 122 313 non
130 250 231 323 sitve}
242 249 332 310 etiam
341 249 566 328 interpretando
576 249 687 311 factum
696 239 1036 325 alterius-in'siniatrmffi

62 342 190 411 partam,
203 330 270 389 edm
284 340 384 389 tamen
403 328 479 389 hane
493 329 542 389 vel
555 330 659 389 saltem
674 346 733 386 non
747 326 825 387 mala
838 326 1036 402 factumoiht·

64 411 114 471 vel
125 410 260 479 dicendo,
275 408 349 467 illud
369 408 447 467 malo
462 407 521 467 fine
534 409 644 467 factum
658 407 760 468 fnisse·
1008 418 1036 483 ,Ρ

104 489 167 548 Hic
179 490 286 548 modus
299 487 386 547 valdo
394 487 549 547 familiaris
560 498 606 546 est
617 486 725 547 invidis
736 484 1000 560 &susumtorihua
1009 477 1036 536 Τ

65 569 116 651 qui
140 568 316 646 plerumque
340 567 514 626 calumniam
529 579 581 626 aut
599 566 746 644 judicium
760 566 952 625 temerarium
965 500 1036 645 doit

64 648 205 707 tractioni
219 645 440 725 superaddunt:
461 645 630 724 exemplum
641 644 767 705 habetur
777 645 805 703 in
820 645 845 706 J
846 643 939 703 udaeia
951 657 1036 725 par-fi

64 747 152 787 verse
176 725 441 805 interpretantibus
463 727 554 785 vitam
577 725 704 788 Joannis
724 724 872 803 Baptista
885 725 913 783 δι
926 723 1036 805 ipsiu}-

66 805 179 866 christi
190 806 323 866 Domini.
1014 808 1036 887 tt·

1016 899 1036 939 ε

65 1005 107 1064 Ν.
119 1006 183 1063 106.
205 1004 266 1063 DE
279 1004 422 1065 MODIS
437 1002 734 1064 DETRAHENDI
750 1001 1031 1077 INDIREOTIS.=‚

65 1163 91 1223 Ι.
117 1164 177 1237 Qui
189 1174 281 1240 nepot,
323 1163 365 1222 ΙΙ.
385 1163 449 1223 Aut
467 1165 578 1234 minuit,
621 1162 681 1223 ΙΙΙ.
701 1162 816 1235 Retico,
859 1160 917 1222 lv.
935 1160 1005 1222 Lou-

185 1245 268 1303 dotve
280 1243 400 1302 remissi.
442 1243 482 1304 V.
500 1242 565 1302 Alii
576 1244 653 1303 modi
662 1262 696 1302 cs
707 1240 741 1301 S.
751 1242 922 1301 Bornurdo.

108 1402 133 1460 1.
154 1400 322 1462 PRIMUS
345 1401 451 1460 modus
475 1399 651 1460 detrahendi
677 1398 839 1459 indirectas
859 1409 916 1469 est,
938 1407 957 1438 “
967 1401 1013 1477 qni

66 1488 86 1520 “
101 1481 208 1558 negat”
228 1481 351 1540 alterius
365 1491 446 1539 recte
458 1479 546 1550 facta,
574 1483 711 1551 virtutes,
739 1480 833 1550 dotes,
861 1478 1016 1556 qualitates

67 1557 169 1632 bonas,
184 1566 235 1620 dac.
249 1561 317 1618 hinc
332 1560 415 1639 quasi
427 1559 552 1638 impedit
565 1560 674 1619 samam
688 1559 793 1618 bonam
808 1559 950 1636 proximi,
963 1558 1015 1618 tol·

65 1639 156 1700 lende
168 1620 406 1711 fundamentum,
433 1641 459 1697 a
472 1639 553 1710 facit,
576 1648 611 1697 ut
624 1639 776 1699 auditores
795 1637 905 1697 honam
918 1636 1018 1697 existi·

65 1719 228 1779 mationem
244 1721 282 1778 de
292 1719 396 1779 eodem
406 1739 465 1778 non
475 1719 642 1797 concipiant
652 1718 700 1778 vel
711 1719 849 1777 amittant
860 1743 867 1788 ;
882 1716 1019 1796 exempla

65 1799 225 1858 familiaria
238 1809 308 1858 suut
321 1798 466 1857 dicendo:
480 1818 538 1857 non
553 1797 644 1856 habet
663 1797 731 1857 talis
751 1799 905 1877 pietatem,
933 1815 1018 1874 quam

67 1878 188 1957 qnidam
203 1879 337 1948 credunt,
350 1897 410 1935 non
424 1875 515 1935 hahet
529 1877 703 1947 doctrinam,
718 1878 770 1935 &a

110 1956 152 2015 11.
175 1956 328 2017 Secundus
351 1956 457 2015 modus
471 1965 526 2026 eat,
551 1957 630 2035 “qui
646 1956 779 2024 minuit,”
804 1975 856 2015 scu
877 1963 1021 2014 extenuat

66 2035 146 2095 bona
158 2037 238 2094 facta
251 2047 303 2094 aut
314 2036 405 2094 bonas
420 2034 579 2113 qualitates
587 2035 717 2113 proximi
729 2057 736 2094 :
751 2036 820 2094 hinc
833 2046 922 2094 nocet
934 2035 1023 2094 sama

69 2114 174 2173 eodem
184 2116 283 2185 modo,
293 2135 352 2192 quo
363 2114 542 2192 praecedens,
554 2114 673 2173 sednon
685 2125 747 2174 tam
757 2114 1022 2186 acriter‚nimirum

67 2194 229 2253 minuendo
242 2195 468 2254 fundamentum
483 2194 565 2254 bonae
580 2194 687 2254 fama:
711 2195 768 2254 huc
789 2194 944 2254 reducitur
964 2193 1022 2252 fre-

69 2293 162 2352 quens
177 2276 203 2332 &
239 2273 359 2333 cstilens
378 2273 555 2333 detrahendi
568 2274 684 2344 medua,
708 2295 767 2352 quo
781 2273 930 2332 narrando
945 2292 1022 2350 quae·

71 2353 137 2411 dam
152 2353 200 2412 lau
223 2373 240 2412 e
261 2353 361 2431 digna,
386 2362 528 2412 extenuat
551 2373 606 2432 per
618 2353 760 2432 frigidum
776 2353 849 2412 illud
864 2348 962 2411 “sed''
976 2353 1023 2411 vol

69 2433 285 2506 nisi,'’dicendo
296 2453 324 2491 v.
328 2453 358 2512 g.
369 2432 472 2492 “Filia
482 2442 528 2491 est
539 2433 764 2504 honesta,sed”:
778 2432 858 2492 unde
867 2432 1020 2512 adagium:

188 2555 226 2616 Si
238 2554 296 2614 nisi
309 2575 367 2615 aon
379 2565 454 2626 esset,
463 2555 604 2636 perfectus
617 2555 733 2634 quihhet
743 2566 829 2616 meet:

227 2654 288 2714 Sed
292 2658 385 2734 pauci
395 2657 460 2728 visi,
479 2657 531 2733 qui
543 2676 658 2715 cornere
671 2657 737 2715 nisi.

112 2795 172 2854 111.
195 2792 317 2857 Tertius
328 2796 433 2856 modus
447 2807 503 2866 est,
518 2806 536 2834 ‘⁶
548 2796 599 2874 qui
613 2796 749 2868 reticet,”
761 2796 818 2855 hoc
831 2805 886 2867 est,
898 2804 979 2856 tacet
987 2817 1019 2858 eo

70 2873 137 2934 loco
149 2895 183 2934 ac
196 2885 331 2954 tempore
346 2883 371 2936 δι
385 2877 415 2934 in
430 2876 466 2934 iis
481 2877 718 2947 circumstantiis,
745 2887 780 2935 ut
793 2875 858 2953 ejus
872 2875 1020 2935 silentium

70 2956 90 3013 d
103 2955 298 3033 praesentibus
313 2957 474 3034 accipiatur
487 2976 542 3034 pro
557 2957 743 3016 confessione
753 2955 853 3014 delicti
868 2956 916 3013 vel
928 2955 1021 3016 defec-

70 3033 120 3093 tris
134 3037 273 3112 proximi.
313 3035 461 3113 Exempla
475 3047 562 3095 sunt:
584 3037 717 3098 Joannes
731 3036 761 3093 in
775 3035 925 3094 consortio
940 3037 1022 3095 audit

11 3176 15 3183 ,
71 3113 188 3172 detrahi
205 3115 297 3173 Petro
313 3117 342 3172 in
357 3115 485 3193 quodam
500 3116 584 3186 vitio,
606 3117 632 3173 ἃ
646 3115 841 3173 contradicit:
856 3114 1022 3175 detrahitur

72 3193 166 3252 Petro
178 3193 207 3250 in
219 3193 279 3252 alio
291 3195 364 3254 vitio
373 3201 399 3254 dr
409 3205 497 3266 tacet,
508 3216 563 3254 nec
572 3195 773 3271 interrogatus
782 3194 963 3272 respondet:
977 3196 1024 3254 vol

72 3271 196 3333 audiena
210 3273 327 3332 detrahi
361 3273 484 3344 lurihus,
499 3294 590 3333 unum
605 3273 739 3332 defendit
753 3276 779 3332 δι
793 3274 831 3334 dc
845 3274 910 3332 aliis
932 3275 1023 3336 inter-

71 3362 196 3430 rogatus
222 3294 400 3431 respondet:
422 3354 635 3431 “Linquamus
659 3353 735 3424 illos,
763 3354 800 3412 de
825 3353 883 3412 illis
904 3355 1024 3423 tacao‘’;

71 3432 180 3509 aliquis
193 3432 249 3495 tibi
263 3432 351 3502 dicit;
365 3432 478 3493 “Talis
494 3433 658 3511 Presbyter
670 3434 728 3492 fuit
739 3453 836 3493 coram
852 3445 882 3492 te
897 3433 1024 3505 ebriua,'’

71 3515 98 3569 dc
112 3522 202 3582 taces,
216 3511 282 3571 crim
293 3522 391 3570 tamen
402 3514 476 3571 scias
491 3534 556 3572 esse
569 3512 686 3572 falsum.

109 3590 195 3650 Nota
207 3611 290 3670 ergo,
312 3593 391 3670 qudd
405 3601 424 3631 “
434 3592 579 3652 reticens'’
592 3613 650 3652 uon
666 3592 705 3650 sit
724 3594 817 3653 schim
833 3611 921 3651 causa
933 3612 1024 3670 nega·

70 3669 141 3745 tiva,
156 3673 202 3730 uti
216 3681 233 3710 ‘⁶
244 3671 361 3732 mutus''
373 3672 411 3733 ad
425 3671 621 3752 injustitiam:
633 3671 686 3734 aed
700 3673 778 3753 quod
793 3673 882 3733 etiam
893 3671 1025 3752 positive
