2160 4034
64 149 124 209 aot
393 178 399 189 ·
460 158 658 209 rurorsrus·
686 173 693 179 -

59 304 143 387 mo.
178 278 527 385 nurunnuunro
543 322 676 385 01qu
694 271 1006 385 connascitur

66 445 321 511 lustramentum,
363 441 406 501 ΙΙ.
425 443 608 518 Regulariter
628 443 806 512 mondum,
850 440 912 501 lll.
942 440 1007 503 con-

70 552 73 557 ·
103 523 331 584 tractusoolidos
342 522 502 597 comburat,
545 521 944 600 lV.Inoo1idoruliqoondo;
975 520 1007 582 V.

108 603 168 663 Sed
179 605 266 660 datur
277 602 414 659 restitutio
433 603 465 658 ia
485 603 633 676 integram.
673 600 730 660 Vl.
749 600 929 680 afferentia
947 600 1004 660 obli·

69 708 72 713 ·
103 683 236 760 pastona
276 669 351 740 Vll.
376 680 463 752 Quid,
476 681 503 738 o·
511 680 708 757 juramentum
721 681 906 739 mmmm.

62 836 67 845 ·
109 800 135 859 l.
155 796 280 858 NOTA
303 800 349 858 10.
374 798 422 857 hic
444 798 568 877 non-agi
588 797 626 858 de
645 798 818 877 juramento
832 798 913 858 nude
926 818 1003 859 asso·

68 879 158 948 torio,
178 877 265 959 quale
280 887 334 947 est,
357 897 383 935 v.
396 898 427 955 g.
440 886 459 915 ‘⁴
469 876 540 955 juro
561 897 609 937 me
623 879 679 937 hoc
691 877 747 939 tibi
761 878 893 938 vendero
907 879 932 938 =’'
950 899 1002 939 nau

68 958 125 1019 hoo
134 956 337 1035 juramentum
359 977 417 1016 non
433 957 527 1035 magis
548 968 732 1017 contractum
746 956 870 1018 roborat
883 968 934 1017 aut
946 958 1002 1019 irre·

69 1035 232 1097 vocabilem
247 1036 327 1105 facit,
349 1056 436 1114 quam
458 1036 483 1095 si
497 1035 645 1115 adjectum
665 1057 724 1097 nou
738 1047 836 1105 esset;
856 1037 909 1096 sod
922 1038 1003 1117 agitur

71 1116 109 1176 de
118 1115 291 1194 juramento
306 1114 510 1193 promissorio,
530 1135 589 1196 quo
609 1114 693 1194 jurat
707 1135 739 1175 se
753 1127 939 1177 contractum
957 1136 1003 1177 scr·

70 1205 220 1265 vatorum,
239 1213 389 1277 nunquam
403 1205 620 1264 revocaturum,
641 1197 693 1253 bac.

113 1275 156 1334 ΙΙ.
177 1276 225 1331 2⁰.
246 1274 454 1335 Juramcntum
468 1272 531 1333 sivo
544 1274 643 1333 firmet
656 1284 852 1346 contractum,
873 1274 937 1334 sivo
948 1295 1003 1347 nou,

73 1364 119 1415 eat
133 1351 264 1412 validum
287 1354 313 1411 ts
337 1353 523 1423 servandum,
557 1352 781 1431 uandooumquc
795 1355 908 1414 servari
922 1366 1005 1432 potest

72 1434 137 1492 sina
150 1441 272 1511 peceato
285 1436 311 1489 dr
325 1431 388 1491 sino
408 1431 516 1491 damno
529 1372 661 1503 durius,
681 1432 739 1491 nisi
757 1432 809 1513 jus
823 1433 940 1493 irritum
952 1433 1006 1493 rod·

72 1514 134 1583 dat,
155 1531 212 1569 non
228 1511 324 1570 solum
338 1520 531 1581 contractum,
542 1510 595 1570 sad
608 1511 697 1569 etiam
709 1511 931 1589 juramentum
943 1512 1005 1573 siout

74 1592 164 1651 Couo.
183 1589 268 1650 Trid.
288 1590 366 1651 Sess.
380 1592 428 1648 25.
449 1600 466 1628 “
478 1588 515 1649 de
529 1589 746 1669 Regularibus”
766 1612 830 1670 cap.
842 1595 886 1663 16,
907 1592 1007 1673 irritam

70 1670 146 1730 ‘facit
164 1689 280 1737 omnem
295 1669 544 1728 renuntiationem
557 1670 673 1739 novitii,
693 1670 783 1729 etiam
802 1671 944 1749 juratam,
961 1670 1008 1729 nisi

72 1748 211 1810 iactauit
231 1759 320 1826 prout
341 1747 450 1808 ibidem
475 1749 693 1826 proscribitun
711 1748 783 1809 itam
801 1748 1009 1810 matrimonium

75 1850 113 1888 ex
127 1837 210 1888 metu
230 1828 324 1905 gravi,
345 1833 396 1886 &a
417 1837 610 1897 contractum,
629 1828 720 1887 otium
738 1827 885 1931 ¹juratum,
926 1826 1010 1909 Capit

78 1909 315 1974 Srnnrrmrmn
336 1917 423 1965 extra
442 1917 461 1944 ‘⁶
473 1904 511 1965 de
523 1926 560 1966 ao
575 1906 625 1988 qui
640 1905 736 1977 duxit,
772 1907 824 1967 lib.
837 1912 867 1968 4.
881 1908 928 1968 tit.
941 1910 968 1967 7.

113 1986 161 2044 30.
180 1987 390 2046 duramentum
405 1984 554 2049 inordina
568 1985 606 2045 ad
619 1996 813 2059 contractum,
834 1980 946 2066 potast'
956 2005 1013 2047 essa

74 2065 280 2133 accessorium,
302 2063 349 2121 vel
363 2083 418 2141 per
436 2083 468 2123 se
492 2075 582 2125 stans.
622 2066 832 2127 duramentum
847 2066 974 2126 validum
987 2085 1015 2125 ca

76 2143 140 2204 solo
150 2142 264 2202 tantum
276 2142 389 2200 inducit
398 2142 609 2220 obligationem
620 2143 739 2203 virtutis
752 2144 926 2224 religionisz
944 2144 1015 2205 unda

75 2244 115 2299 ,ex
139 2222 237 2281 valido
257 2221 429 2300 juramento
451 2233 707 2301 supercontraotu
720 2235 859 2285 manente
883 2223 1016 2294 invalido,

75 2323 135 2363 non
150 2302 245 2361 oritur
266 2301 323 2359 nisi
337 2298 480 2381 obligatio
494 2300 664 2380 religionis:
684 2302 810 2381 proinde
824 2304 902 2363 alter
915 2304 945 2363 iu
955 2323 1015 2363 uon·

76 2381 208 2454 scientia,
229 2401 293 2440 rem
314 2401 351 2441 ex
367 2381 420 2440 tali
433 2382 596 2454 contractu,
616 2401 671 2441 nco
684 2382 817 2462 accipere
836 2384 950 2463 poterit
969 2402 1015 2443 uec

74 2462 215 2523 retinere.
566 2515 569 2523 .

117 2540 198 2615 Quid
212 2540 284 2601 fucit
292 2540 494 2619 juramentum
507 2541 655 2621 adjectum
670 2538 834 2603 contractui
847 2542 972 2603 valido?

117 2620 178 2682 ΙΙΙ.
199 2620 237 2680 R.
258 2620 395 2679 Eundem
418 2620 572 2680 confirmat
595 2620 759 2691 vestiendo,
780 2627 806 2683 a
825 2616 1016 2682 nasciturdu·

75 2699 147 2780 plax
171 2699 325 2777 obligatio,
346 2698 458 2759 scilicet
481 2719 539 2759 una
561 2699 716 2778 religionis
737 2720 776 2760 ex
794 2702 978 2780 juramento,
997 2701 1015 2759 b

75 2779 172 2839 altera
180 2778 305 2856 justitia
321 2798 359 2837 ex
373 2776 536 2849 contractu,
557 2799 622 2858 queo
635 2779 744 2839 transit
756 2780 794 2841 ad
808 2780 951 2852 boeredes,
972 2799 1015 2841 ua<

75 2857 201 2926 tollitur,
223 2859 279 2916 etsi
287 2855 489 2936 juramentum
502 2857 698 2919 relaxaretur.
986 2856 989 2861 ’

118 2937 199 3012 Quid
213 2937 284 2995 facit
292 2937 495 3015 juramentum
508 2937 657 3018 adjectum
671 2940 835 2999 contractui
848 2938 1002 2999 invalido?

79 3016 82 3027 '
118 3016 175 3076 lv.
196 3012 236 3075 R.
260 3018 306 3073 1⁹.
328 3016 504 3076 Contractus
522 3016 594 3094 juro
613 3027 726 3077 natura
749 3017 851 3077 irritus
866 3021 892 3077 dr
905 3018 1015 3079 illicitus

78 3100 138 3155 non
163 3095 298 3153 firmatur
321 3096 501 3171 juramento,
522 3098 678 3177 ipsumque
705 3097 795 3157 etiam
822 3098 941 3158 irritum
961 3107 1015 3167 θεῖς

80 3173 149 3255 quia
157 3172 359 3252 juramentum
371 3194 429 3233 non
445 3185 544 3252 potest
558 3194 622 3234 esse
633 3175 780 3236 vinculum
793 3176 969 3258 iniquitatis.

120 3256 167 3312 20.
189 3254 367 3312 Contractus
376 3253 446 3331 jure
468 3265 583 3312 natura
606 3254 719 3327 irritus,
740 3256 793 3315 red
813 3255 1015 3327 nonillicitua

30 3376 39 3391 .
76 3334 247 3411 juramento
259 3332 377 3411 quidem
386 3353 450 3413 ‚non
460 3332 605 3406 firmatur,
616 3335 669 3394 sed
683 3334 827 3419 lpsmssl,
837 3336 877 3394 sit
886 3334 1015 3409 validum,

81 3415 107 3472 δι
120 3433 175 3493 per
188 3433 220 3471 so
234 3424 324 3483 stans,
346 3412 522 3471 servandum
534 3423 597 3481 ectr
615 3412 691 3474 altar
705 3425 804 3473 tamen
817 3434 880 3474 rem
895 3426 1015 3475 contras

79 3492 130 3553 tius
143 3511 198 3552 nac
212 3492 344 3570 recipere
354 3511 408 3551 neo
422 3493 553 3551 retinere
566 3503 676 3570 potest,
696 3504 730 3552 ut
743 3514 833 3572 supra
846 3493 960 3553 dictum
973 3506 1015 3555 est

117 3573 165 3629 8⁰.
188 3572 219 3631 si
233 3580 401 3631 contractus
420 3571 459 3629 sit
472 3570 668 3631 rescindibilis
681 3585 806 3652 propter
822 3572 961 3651 injuriam
975 3584 1015 3635 att

76 3650 291 3729 turpitudinem
301 3649 485 3710 commissam
496 3650 534 3708 ab
545 3670 591 3720 oo,
602 3651 648 3709 cui
657 3650 874 3735 jurabatur'rel
882 3652 933 3736 qui
942 3653 1015 3733 jura

76 3741 208 3790 mantum
221 3730 402 3810 acceptabat,
423 3728 718 3813 additojurameuto,
736 3742 837 3803 monet
858 3743 1015 3793 contractui
