2182 4036
343 186 386 228 ur
404 181 485 229 surr
505 172 547 227 rr
566 179 723 228 suerrum.
952 167 1006 226 rot

51 40 345 463 kssetogrotu
353 308 418 349 rem
423 259 638 348 restituendum
649 288 697 348 vel
706 285 907 366 ejusvelorem
917 287 1007 348 elicui

163 367 341 440 abdelivel
351 366 613 448 ipsiCouieseurio,
621 377 654 426 ut
664 387 719 446 per
729 368 940 427 cosrestitutio
948 368 1010 429 fiat.

86 450 143 517 2⁰·
164 449 198 511 Si
211 447 355 526 obligatio
364 448 404 508 sit
412 448 532 508 omniuo
543 447 667 518 occulta,
679 446 790 525 poterit
804 457 1009 525 aegrotustun·

51 458 275 711 *summum
297 547 352 607 per
369 536 581 588 testamentum
594 536 646 586 cut
659 525 826 587 codicillum
840 526 1010 605 relinquere

90 606 98 623 '
129 609 176 668 oui
190 607 342 668 restitutio
357 607 492 673 debetur,

96 688 143 747 3⁰.
163 683 224 749 Vel
237 687 369 746 declaret
381 696 512 764 regrotus
526 685 555 744 in
571 687 689 764 scriptis
712 705 812 745 coram
833 684 960 745 testibus
979 696 1012 747 et

90 767 186 825 otario
200 766 263 826 sive
280 766 423 838 Perocho,
445 765 525 845 quod
540 767 621 836 velit,
636 777 670 823 ut
684 775 753 824 ante
764 766 863 823 omnia
877 774 1011 824 sumetur

102 844 125 902 's
138 847 272 922 pecuniae
286 862 408 914 summo,
430 864 469 904 ex
487 865 541 904 sue
564 845 739 909 baereditete
760 845 935 923 applicanda
956 863 1011 921 per

76 990 79 995 ¹
102 923 279 982 nlesserium
294 923 400 1002 (quem
413 924 535 1002 proprio
550 925 670 982 nomine
680 925 709 982 in
721 924 840 1002 scriptis
855 923 1009 1002 designet)

112 1020 185 1072 rem,
201 1001 238 1060 de
251 1020 311 1079 quo
324 1001 412 1059 embo
433 1003 511 1059 inter
526 1023 557 1062 se
572 1013 784 1071 convenerunt,
812 1012 843 1061 et
857 1014 950 1076 curet,
978 1014 1013 1060 ut

124 1081 287 1141 declaratio
298 1080 399 1139 stetim
412 1079 548 1138 trudetur
561 1082 591 1138 in
602 1101 707 1139 monus
719 1081 911 1141 confessarii.

71 1178 78 1189 ·
97 1162 146 1221 4⁰.
161 1161 268 1221 Potest
282 1160 372 1218 etium
386 1159 539 1238 provideri
549 1159 743 1230 restitutioni,
752 1160 777 1218 si
788 1170 920 1238 egrotus
930 1160 969 1219 ad
979 1180 1012 1223 se

132 1249 313 1318 tpersonam
322 1241 479 1318 privatum,
494 1239 542 1296 cui
555 1239 664 1298 merito
676 1239 759 1310 fidat,
775 1248 806 1298 et
815 1238 911 1298 eidem
923 1239 1012 1311 dicat,

105 1319 134 1379 ei
147 1328 329 1378 testamento
349 1318 398 1377 vel
418 1316 554 1377 codicillo
576 1317 746 1397 relinquere
768 1317 859 1378 talem
880 1320 1015 1396 pecunie

122 1410 209 1469 mum,
230 1410 264 1457 ut
284 1418 324 1458 ex
347 1417 390 1456 eu·
402 1397 477 1456 velit
499 1396 552 1455 isti
565 1395 741 1474 obligationi
755 1407 807 1456 aut
826 1398 1013 1457 restitutioni

88 1478 112 1494 '⁹
130 1478 238 1539 fecere
273 1476 446 1538 Cavendum
454 1486 605 1547 tamenne
615 1476 645 1534 iu
654 1477 893 1536 testamentofint
902 1479 1014 1538 mentio

120 1556 256 1617 'tutionis
270 1566 321 1616 eut
335 1556 535 1634 obligationis,
555 1575 593 1614 ne
606 1555 687 1613 fama
699 1556 806 1633 aegroti
818 1556 954 1615 ludatur.

76 1690 82 1697 .
96 1636 181 1711 Quid
194 1636 220 1696 si
231 1634 381 1715 publicum
390 1636 431 1695 sit
443 1655 512 1695 eum
526 1654 591 1693 esse
604 1635 789 1693 restitutioni
803 1635 993 1697 obnoxium?

51 1652 78 1809 t
98 1715 160 1777 111.
174 1716 214 1776 Β.
229 1715 330 1777 Debet
341 1715 546 1776 confessarius
557 1715 585 1773 ei
596 1712 762 1792 injungere,
779 1725 812 1773 ut
824 1712 942 1792 publice
951 1735 1014 1776 res·

51 1794 156 1867 etitem.
170 1795 221 1855 rel
233 1805 267 1854 ut
278 1806 363 1855 curet
372 1794 499 1873 publice,
507 1814 536 1851 v.
546 1813 575 1872 g.
586 1794 665 1852 iuter
678 1803 781 1864 testes,
790 1803 824 1852 ut
835 1794 1017 1853 sufficienter

122 1874 244 1935 'tutioui
255 1875 457 1953 providentur,
479 1885 511 1935 et
524 1874 568 1931 itu
578 1872 748 1932 scandulum
762 1871 895 1933 tolletur.

73 2014 79 2023 ,
96 1954 267 2017 Rofleotere
281 1955 371 2014 etium
383 1953 476 2030 ¹debet
491 1953 708 2022 Confessarius,
730 1961 765 2010 ut
778 1953 900 2011 inducat
920 1949 1014 2031 poeui-

51 2040 171 2101 'toutetn
185 2034 224 2094 ed
238 2033 422 2093 voluntatem
433 2045 465 2093 et
477 2033 616 2093 effectum
628 2052 701 2110 erge
710 2051 773 2091 rem
782 2030 908 2091 alienum
918 2034 1014 2093 effice·

63 2112 135 2174 citer
146 2114 375 2181 retractandam,
391 2113 472 2191 quod
480 2111 605 2192 quilibet
616 2120 717 2190 potest
730 2121 762 2170 et
774 2111 873 2173 facere
885 2122 1016 2186 tenetur,

67 2192 177 2255 etamsi
188 2202 256 2253 actu
266 2192 427 2252 restituere
440 2212 500 2252 non
514 2192 618 2270 possit.

105 2272 137 2331 Si
150 2273 296 2351 temporie
309 2272 448 2350 augustie
460 2292 519 2331 nou
530 2271 663 2349 potietur
672 2289 786 2329 morum
795 2269 833 2329 nd
842 2271 964 2349 aliquod
977 2290 1018 2331 ex

64 2351 217 2429 jamdictis
227 2351 334 2412 mediis
345 2348 561 2432 exequendum,
573 2370 632 2409 non
642 2349 710 2408 ideo
722 2349 870 2410 absolutio
879 2351 1018 2429 neganda

69 2433 132 2502 erit,
151 2431 179 2490 si
193 2431 401 2493 confessarius
413 2430 515 2491 videet
528 2429 635 2508 {egroti
649 2429 780 2490 animum
794 2439 966 2507 promptum
980 2430 1019 2491 ud

68 2510 288 2570 restituendum.

58 2622 62 2629 ·
103 2591 155 2650 Au
168 2591 241 2649 sutis
255 2610 314 2650 non
328 2599 385 2662 ost,
405 2588 430 2649 ri
445 2587 639 2649 moribundus
658 2598 766 2666 potens
787 2586 949 2648 restituere
962 2605 1017 2665 per

69 2686 105 2741 te,
124 2669 213 2738 dicet,
235 2689 267 2728 se
280 2670 336 2729 boc
342 2669 469 2748 jussisse
483 2667 650 2728 haeredibus
665 2667 751 2726 suis?

101 2749 158 2811 lv.
179 2749 218 2809 R.
239 2748 408 2827 Negetivez
430 2749 508 2809 unde
529 2767 586 2808 nec
606 2767 674 2807 eum
694 2744 809 2805 absolvi
829 2765 928 2824 posse,
948 2746 1014 2805 Au-

69 2825 168 2889 tbores
182 2847 242 2887 uno
252 2848 306 2888 ore
316 2828 503 2907 profitentur.

104 2908 196 2968 Retio
203 2917 263 2967 est:
286 2910 332 2966 10.
344 2907 434 2983 Quod
442 2908 517 2966 tales
526 2926 585 2965 non
594 2904 723 2964 habeant
731 2902 898 2964 absolutum
908 2924 1019 2983 propo·

69 2986 154 3047 ritum
168 2987 356 3058 restituendi,
377 2988 429 3051 sed
440 2987 674 3046 conditionatum
689 2984 815 3056 tentum,
831 3004 937 3063 nempe
958 2994 976 3022 ‘⁴
991 2985 1017 3042 si

69 3066 263 3136 moriautur;'’
284 3069 327 3126 itu
348 3076 382 3125 ut
402 3067 606 3135 restituerent,
626 3064 652 3122 si
673 3064 909 3142 superviverent,
930 3063 1017 3142 quule

70 3147 250 3224 propositum
266 3146 501 3207 conditionatum
515 3165 576 3203 non
590 3144 696 3203 sufficit
710 3143 748 3202 od
762 3143 978 3221 poenitentium.

106 3228 153 3285 20.
176 3225 234 3285 lllo
248 3226 338 3285 modo
351 3246 410 3285 non
426 3226 497 3284 sutis
512 3222 687 3302 providetur
701 3224 854 3281 securitati
872 3223 1019 3296 restituti·

71 3306 130 3369 ouis
151 3305 371 3384 quamprimum
391 3304 552 3373 fucieudm3
571 3303 631 3362 imo
646 3301 836 3361 menifestum
855 3302 1019 3380 periculum

70 3394 122 3456 est,
141 3405 181 3445 ue
194 3405 325 3467 uuquam
337 3385 490 3445 restitutio
503 3383 565 3452 liet,
580 3382 649 3463 quia
660 3382 793 3441 heoredes
808 3382 856 3440 vel
868 3401 927 3440 non
939 3401 1019 3440 com·

86 3463 191 3525 lobunt
204 3465 367 3543 injunctam
391 3464 449 3525 sibi
462 3462 694 3532 restitutionem,
715 3461 762 3521 vel
785 3480 850 3520 eum
873 3456 1020 3540 usquead

68 3482 159 3605 duent
179 3544 251 3605 vitm
276 3543 414 3607 similiter
438 3542 589 3613 different,
618 3560 743 3621 eamque
765 3538 935 3599 heredibus
957 3540 1020 3599 suis

68 3624 268 3684 committent.
307 3648 336 3684 η

103 3701 186 3766 Vrde
200 3701 256 3762 bec
267 3719 401 3781 superte
414 3702 464 3767 De
479 3702 563 3784 θοις
576 3709 667 3765 treet
681 3703 712 3763 1.
724 3718 793 3780 cop.
803 3699 838 3759 b.
855 3699 982 3759 sectss.
