2182 4036
330 161 375 203 no
394 160 480 205 roan
499 160 542 203 nr
561 160 718 204 rcsrrora.
947 138 1006 206 227

91 261 244 324 Probatur
257 265 308 322 80.
321 282 360 322 ex
371 262 618 324 condemnatione
628 263 815 343 sequentium
829 264 1008 344 propositio·

51 362 132 403 num.

90 431 110 460 ‘⁴
128 424 176 480 10.
195 422 256 483 Fas
280 434 327 484 est
349 423 575 483 virohonorato
599 422 733 482 occidere
759 421 935 494 invasorem,
957 427 1008 502 qui

52 501 198 560 “nititur
211 503 387 563 calumniam
401 503 522 574 inferre,
534 503 559 560 si
572 501 660 561 aliter
674 502 837 580 ignominia
851 502 912 561 ltaec
920 504 1009 561 vitari

52 590 72 621 ⁴⁶
84 582 204 660 nequit
247 584 330 644 Idem
341 602 460 662 quoque
468 582 634 652 dicendum,
643 582 667 639 si
679 581 745 658 quis
756 581 881 640 incutiat
894 581 1009 660 alapam

51 661 137 719 “vel
149 661 231 722 fuste
243 663 401 741 percutiat,
425 671 539 739 etpost
558 663 714 740 impactam
728 660 842 739 alapam
856 660 904 719 vel
918 662 1008 720 ictum

51 746 71 778 ‘⁸
83 740 326 879 fustisxfugiat.³'
366 741 424 800 Est
441 741 596 820 trigesima
609 742 689 800 inter
702 740 854 800 damnatas
868 738 905 799 ab
921 741 1009 800 luno'·

51 821 153 879 (tentio
205 822 229 882 l.

95 908 114 937 “
129 903 179 959 20.
199 902 257 961 Est
270 901 384 961 licitum
400 899 556 978 Religioso
573 898 622 958 vel
638 900 754 960 Clerico
768 899 1010 959 calumniatorem

57 987 78 1017 ¹⁸
90 982 198 1057 gravia
216 981 340 1040 crimina
353 981 391 1039 de
404 1000 437 1038 se
450 979 498 1038 vel
513 980 615 1039 desua
629 979 788 1056 Religione
802 999 943 1057 spargere
955 981 1011 1039 mi·

60 1066 78 1097 ‘⁶
91 1068 214 1118 nantem
237 1061 383 1131 occidere,
412 1058 529 1136 quando
543 1058 618 1118 alius
639 1060 745 1118 modus
759 1058 937 1117 defendendi
951 1080 1012 1118 non

58 1144 79 1175 ⁸⁴
91 1140 236 1216 suppetit,
261 1142 306 1199 uti
318 1150 479 1217 suppetere
493 1158 552 1198 non
567 1138 697 1206 videtur,
725 1138 750 1195 si
764 1138 958 1197 calumniator
972 1140 1011 1197 sit

61 1225 79 1255 “
90 1230 213 1295 paratus
226 1219 275 1278 rel
289 1220 345 1297 ipsi
360 1219 519 1295 Religioso
533 1217 581 1276 vel
596 1216 660 1295 ejus
675 1217 827 1295 Religioni
842 1216 959 1294 publice
982 1228 1013 1276 et

61 1304 81 1335 ⁸⁶
92 1316 192 1356 coram
206 1297 391 1378 gravissimis
405 1298 477 1355 viris
491 1297 633 1375 proedicto
653 1298 827 1374 impingere,
854 1297 912 1354 nisi
935 1297 1011 1354 occi·

55 1383 79 1413 “
90 1376 203 1514 dim„
244 1379 302 1438 Est
315 1377 430 1438 decima
444 1378 570 1456 septima
589 1377 669 1436 inter
682 1376 835 1434 damnatas
853 1375 890 1435 ab
916 1376 1010 1435 Alex·

51 1472 93 1513 an
129 1476 149 1517 o
162 1458 238 1519 vll.

99 1534 169 1613 ooj.
189 1537 247 1598 Vir
260 1537 402 1597 honestus
415 1535 518 1596 mallet
531 1535 617 1607 mori,
639 1554 727 1614 quam
740 1535 842 1594 virere
854 1536 917 1594 siae
930 1535 1010 1594 fama

63 1612 228 1675 &honoret
249 1636 331 1694 ergo,
352 1622 403 1676 &c
468 1654 472 1661 ι

100 1692 138 1754 Β.
152 1696 233 1755 Dist.
244 1706 443 1774 assumptum
464 1695 571 1753 merito
581 1693 684 1753 mallet
693 1695 778 1763 mori,
789 1712 875 1771 quam
885 1693 1012 1772 perdere

66 1770 168 1833 lamam
183 1785 216 1834 et
228 1776 371 1835 honorem
382 1796 421 1834 ex
431 1774 553 1853 propria
563 1773 657 1852 culpa,
671 1775 801 1834 concedo
810 1783 1010 1851 assumptum:

67 1854 170 1914 merito
191 1855 294 1914 mallet
316 1855 403 1924 mori,
427 1874 514 1934 quarn
529 1854 668 1912 amittere
688 1854 795 1912 famam
818 1864 849 1911 et
869 1852 1012 1911 honorem

69 1930 127 1992 sine
137 1954 190 1994 sua
201 1935 287 2014 culpa
297 1955 351 2014 per
362 1934 487 1993 aliorum
499 1932 699 1992 detractiones
712 1934 738 1990 lic
752 1932 921 2004 calumnias,
934 1949 1013 2011 nego

68 2027 157 2073 mum
180 2025 202 2073 i.

105 2034 234 2153 Licllum
250 2104 348 2153 tamen
363 2102 410 2152 est
422 2093 578 2152 moderate
598 2091 706 2150 samam
726 2101 757 2151 et
771 2091 915 2151 honorem
928 2109 1014 2149 suum

66 2169 236 2246 defendere,
257 2185 291 2232 ut
304 2175 377 2233 feeit
392 2173 422 2232 S.
438 2172 548 2230 Paulus
558 2170 701 2231 adverada
716 2169 1014 2248 Pseudo-Apostolos

51 2252 97 2308 -2,
112 2253 151 2311 ad
167 2254 236 2313 Gor.
250 2274 313 2331 cap.
329 2256 375 2311 10.
389 2254 415 2311 a
427 2252 502 2311 varii
513 2251 563 2310 alii
576 2252 686 2323 Sancti,
697 2251 846 2331 praecipud
857 2251 908 2310 ubi
919 2251 1014 2310 honor

70 2326 230 2410 Religionis
244 2333 275 2392 id
289 2331 438 2411 exigebat.

51 2483 99 2547 -N.
125 2492 191 2550 lac.
246 2493 307 2551 DE
327 2490 614 2552 DEFENSIONE
636 2488 843 2550 occlslvn
864 2486 1008 2547 CAUSA

241 2571 470 2632 BONORUM
491 2568 832 2630 TEMPORALIUM.

192 2694 217 2753 Ι.
249 2693 318 2753 Non
338 2694 401 2752 licet
418 2694 539 2753 occidere
557 2692 591 2752 od
610 2693 683 2752 botro
704 2688 878 2768 temporalia.

52 2848 58 2855 -
98 2812 160 2872 AN
178 2813 251 2874 licet
270 2813 407 2873 occidere
427 2813 570 2892 injustum
589 2814 757 2871 invasorem
778 2810 923 2869 bonorum
937 2816 1012 2869 tem·

51 2914 62 2927 ·
99 2893 227 2953 talium?
440 2940 447 2955 .

59 2909 126 3031 dol.
145 2973 185 3032 R.
205 2973 359 3052 Negativa
382 2985 465 3032 certa
487 2982 542 3031 est.
564 2970 712 3030 Probatur
736 2970 781 3027 10.
802 2969 852 3028 Ex
866 2988 913 3039 eo,
933 2967 1013 3046 quod

70 3045 137 3110 bona
157 3053 334 3131 temporalia
347 3053 407 3110 sint
420 3052 509 3130 longe
523 3051 674 3110 inferioris
688 3049 811 3119 ordinis,
835 3066 923 3125 quam
937 3049 1014 3114 rita;

55 3129 197 3210 ·rdeoqne
209 3144 350 3210 peccatur
363 3142 467 3190 contra
480 3141 615 3212 quartam
626 3129 825 3190 conditionem
840 3128 932 3187 Num.
949 3128 1013 3185 125.

55 3212 237 3288 aquicinum
252 3211 290 3269 ad
304 3211 494 3271 moderamen
508 3211 664 3288 inculpatae
674 3208 786 3269 tutelae.

104 3290 255 3351 Probatur
268 3293 317 3349 20.
338 3291 408 3369 qnia
422 3291 505 3349 Dens
520 3292 584 3369 ipss
598 3289 696 3348 Exod.
717 3308 781 3366 cap.
796 3289 844 3345 22.
863 3282 1017 3364 prohibuit

65 3371 157 3429 ouidi
167 3371 265 3429 furem
281 3370 429 3439 diurnum,
444 3390 480 3428 eo
515 3369 574 3428 uod
588 3369 717 3428 discerni
727 3379 798 3426 tunc
812 3376 922 3444 posset,
937 3361 1017 3440 quod

75 3447 105 3506 td
115 3449 285 3519 furandum,
305 3469 365 3509 non
380 3448 419 3507 ad
433 3392 624 3507 occidendum
637 3449 780 3506 ¹venisset.

107 3528 308 3588 conformiter
333 3529 416 3606 leges
431 3527 532 3586 civiles
546 3549 605 3586 nou
620 3528 799 3606 permittunt
812 3520 906 3582 occidi
921 3520 1018 3579 furem

76 3602 214 3679 diurnum,
235 3609 293 3667 nisi
307 3628 340 3667 se
354 3607 416 3666 telo
430 3607 581 3678 defendat,
600 3626 705 3688 neque
719 3607 810 3663 etiam
830 3602 926 3683 furem
949 3620 1019 3661 noe·

69 3691 196 3759 turnum,
212 3689 237 3747 si
252 3688 319 3765 quis
333 3687 397 3746 sine
410 3706 465 3747 suo
478 3686 617 3765 periculo
631 3685 732 3747 eidem
744 3700 872 3765 parcere
882 3681 1035 3760 potuerat.

73 3758 135 3840 leg.
148 3770 194 3825 dd.
216 3766 323 3843 digest.
338 3767 385 3826 tit.
399 3769 428 3826 8.
441 3767 512 3848 lege
528 3770 557 3830 9.
