2160 4034
412 172 456 220 un
475 172 725 222 conrmcrmcs.
986 166 1044 225 295

11 286 32 357 ’.-
117 274 160 338 Βὶ
170 290 274 340 autom
287 291 385 340 matos
399 300 439 339 ex
452 299 512 359 qno
522 280 619 340 oritur
632 278 789 358 promissio
802 278 895 341 faerit
903 280 986 359 juste
996 282 1040 342 iu·

14 360 30 427 j
66 360 202 430 cussus,
221 359 332 419 valebit
351 360 518 438 promissio,
539 379 600 418 non
613 361 643 417 in
657 360 774 419 ratione
788 362 957 421 contractus
970 381 1040 438 gra·

10 440 30 515 ζ
68 436 166 507 tuiti,
177 440 232 498 sed
240 440 375 507 onerosir
389 439 527 498 similiter
535 439 562 496 si
572 448 670 497 metas
680 438 813 499 incussus
825 459 884 498 non
899 439 990 499 fuerit
1001 442 1039 501 ad

10 520 18 529 '
71 517 325 597 extorquendam
345 518 581 595 promissionem,
608 527 675 577 rata
695 518 754 577 erit
775 519 942 596 promissio,
962 520 1038 656 quisi

10 598 27 611 ''
68 588 134 652 liat
151 594 211 674 ipsi
223 608 336 656 metam
349 596 491 674 injustum
505 596 670 666 incutienti,
679 597 769 674 juxta
777 597 818 656 N.
827 598 873 677 8.)
882 598 924 657 sic
934 618 972 657 va
983 609 1035 658 ent

68 682 156 733 vota
176 676 207 733 in
231 676 370 754 periculis
396 676 462 734 Deo
482 676 577 746 facta3
598 675 667 754 quia
687 686 758 735 tunc
775 687 872 736 metus
903 697 962 736 non
989 688 1037 739 est

10 764 23 825 ζ
73 768 176 812 eausa
188 755 402 833 promissionis.

10 832 15 849 ²
121 831 182 895 lv.
205 834 324 893 Dicitur
338 834 366 891 in
382 832 555 892 delinitione
576 842 594 871 ‘⁴
604 831 675 892 fidei
689 831 860 911 obligatio,’'
907 852 940 892 er
953 838 1034 915 quod

10 918 14 983 ζ
74 906 280 991 distinguitur
290 913 448 990 promissio
458 911 655 982 idonatioue,
664 922 780 991 quaest
793 922 812 953 ‘⁸
822 912 867 973 rei
876 854 998 973 (lunatio
1009 915 1036 973 θ’

76 988 156 1049 item
165 993 185 1051 b
193 991 317 1069 simplici
329 992 493 1071 proposito,
502 991 582 1070 qnod
591 1012 648 1050 nou
660 991 786 1069 imponit
793 990 1015 1071 obligationem.

10 1068 16 1143 f
120 1069 308 1140 Notandum,
322 1070 487 1148 vulgariter
505 1090 584 1148 saepa
598 1070 657 1129 dici
671 1079 690 1109 ‘⁶
700 1070 952 1148 promissionem,”
966 1093 1032 1151 quae

10 1158 19 1171 '
80 1146 196 1225 aparte
209 1152 253 1209 rei
263 1170 324 1208 non
338 1150 449 1208 estnisi
463 1159 482 1187 “
492 1148 684 1228 pollicitatio''
695 1169 748 1209 seu
755 1151 912 1228 promissio
922 1152 1033 1211 incom-

81 1226 173 1305 pleta,
201 1230 344 1308 quianon
357 1239 525 1306 acceptata:
546 1228 594 1287 vel
617 1229 675 1287 nisi
695 1228 822 1306 simplex
835 1231 1031 1308 propositum,

10 1314 16 1323 '
82 1306 174 1445 &aar
188 1318 267 1380 tuno,
293 1308 411 1388 quando
424 1319 550 1367 utuntur
563 1305 655 1367 verbo
676 1308 862 1386 promittere,
876 1309 1033 1387 spondere,

10 1462 22 1487 ²
119 1464 201 1525 Hinc
213 1469 295 1526 recte
309 1474 410 1525 monet
432 1466 590 1543 Steyaert3
609 1472 628 1505 “
639 1484 697 1525 non
712 1485 752 1525 ex
764 1466 863 1526 verbis
878 1467 958 1539 solis,
978 1469 1032 1528 sed

10 1590 22 1615 :.
85 1553 102 1582 “
115 1566 152 1603 ex
166 1547 395 1604 circumstantiis
404 1545 578 1603 sumendum
589 1565 626 1604 an
636 1546 676 1603 sit
684 1544 858 1623 promissio:
878 1566 937 1606 non
951 1548 1031 1607 anim

10 1630 26 1695 ζ
86 1624 270 1703 “quodlibet
283 1623 472 1702 “promitto’‘
486 1623 535 1683 vel
550 1633 567 1662 ‘⁶
579 1624 673 1684 dabo”
689 1644 758 1684 mox
773 1624 887 1684 inducit
899 1625 956 1685 boc
965 1628 1029 1685 vin·

10 1715 30 1773 j
86 1710 103 1741 ‘¹
113 1704 229 1763 culam:
250 1703 386 1773 civilitas,
408 1701 561 1781 jactantia,
585 1704 710 1764 affectus
724 1704 899 1763 ostendendi
914 1705 1030 1764 lirmum

10 1776 37 1801 '⁹‘
87 1790 104 1821 “
112 1784 309 1862 propositum,
322 1784 468 1841 fortiorve
482 1782 617 1851 assertio,
631 1788 682 1843 &a
696 1802 735 1841 sae
757 1794 961 1862 epromuntur
974 1804 1028 1862 po·

39 1898 43 1915 .
87 1870 102 1899 ‘¹
111 1862 171 1921 tisis
183 1864 272 1941 quam
283 1863 371 1921 detur
380 1861 463 1920 fides.
498 1860 612 1940 Saepius
623 1861 718 1921 adbuc
731 1803 804 1920 lldes
818 1862 916 1999 aliqua
929 1863 1027 1935 datur,

85 1949 101 1979 “
110 1942 165 2000 sed
177 1943 265 2001 facile
274 1940 497 2000 occurrentibus
505 1939 571 1999 aliis
584 1938 749 2000 rationibus
759 1961 866 2000 revoca
888 1943 943 2001 ilis.
967 1945 1028 2002 Pro

83 2020 209 2099 “rigida
222 2021 405 2099 obligatione
418 2020 497 2079 inter
508 2020 643 2079 homiues
651 2021 847 2080 communiter
856 2022 1027 2101 expressius

83 2100 221 2183 “aliquid
233 2101 397 2181 requiritur
408 2100 437 2157 in
448 2099 672 2178 promissione.'’

110 2178 153 2241 V.
175 2181 297 2239 Dicitur
309 2188 328 2217 “
338 2189 491 2258 acceptata
501 2179 526 2246 ;”
539 2178 610 2259 quia
620 2178 750 2260 nlioquin
762 2197 821 2237 non
835 2188 881 2238 est
894 2181 1024 2257 plurium

75 2257 214 2319 ividem
237 2259 377 2339 placitum
406 2278 575 2326 censemus,
608 2257 742 2335 adeoque
766 2278 822 2317 nec
845 2270 1023 2320 contractus.

69 2337 194 2399 Deinde
209 2358 268 2398 non
282 2347 384 2416 potest
397 2338 426 2395 ia
441 2337 536 2395 altero
548 2337 620 2395 oriri
634 2336 754 2414 aliquod
769 2335 873 2413 jasad
888 2337 1024 2416 obligati·

66 2436 160 2477 ouem
174 2419 294 2496 prioris,
308 2417 365 2475 uisi
376 2416 452 2475 alter
466 2416 522 2474 boc
534 2416 671 2484 voluerit,
686 2414 735 2475 vel
749 2415 893 2493 obligatio
906 2418 1022 2477 oriatur

64 2512 106 2558 tx
119 2509 233 2557 natura
246 2497 309 2566 τοίς
323 2496 391 2574 jam>
402 2506 501 2554 autem
523 2494 721 2574 obligationes
742 2505 946 2553 contractuum
960 2515 1019 2557 non

10 2588 28 2625 Ρ
63 2576 224 2655 profluunt
237 2597 276 2635 ex
287 2588 393 2634 natura
403 2574 457 2641 rei,
471 2573 524 2632 sed
538 2575 623 2651 quasi
637 2594 675 2632 ex
687 2574 802 2651 privata
815 2579 841 2632 tr
855 2574 1021 2635 voluntaria

10 2670 25 2703 2·
62 2656 148 2735 lega,
173 2676 261 2735 quam
286 2654 342 2713 sibi
365 2653 479 2712 faciunt
505 2654 731 2713 contrahentes:
760 2672 833 2730 ergo
856 2655 1020 2731 acceptatio

59 2734 136 2815 jure
150 2747 264 2794 natura
281 2734 399 2795 ridetur
413 2734 586 2791 necessaria.

105 2816 289 2892 Acceptatio
309 2813 375 2873 fieri
399 2822 499 2890 potest
512 2811 601 2870 etiam
623 2810 861 2880 interabsentes,
883 2830 909 2869 v.
923 2832 954 2891 g.
966 2832 1021 2891 pas

10 2950 13 2961 ,
64 2894 195 2963 litteras,
220 2913 275 2952 nec
297 2893 460 2972 requiritur
474 2902 508 2949 ut
527 2890 580 2949 fiat
593 2891 741 2968 expressis
765 2891 864 2949 verbis
884 2891 1021 2965 dicendo,

10 2978 17 2988 “
68 2992 97 3032 r.
111 2992 143 3051 g.
156 2982 307 3050 “accepto
317 2972 342 3041 ;”
368 2971 419 3030 sed
434 2971 506 3029 satis
521 2980 575 3037 est,
602 2970 834 3047 promissorium,
859 2990 886 3028 v.
900 2991 930 3048 g.
944 2983 1020 3031 nuta

10 3114 17 3125 ,
68 3052 141 3112 talia
153 3053 241 3130 signa
253 3052 353 3121 edere,
378 3061 410 3108 ut
434 3070 473 3108 ex
486 3049 545 3108 illis
558 3060 660 3117 testes,
683 3049 707 3108 si
722 3049 868 3120 adessent,
896 3060 1019 3129 possent

11 3126 21 3149 ““
67 3130 196 3211 probare
209 3151 276 3189 cum
290 3129 486 3208 promissione
506 3138 683 3206 acceptasse.

10 3276 17 3285 .
105 3212 206 3271 Porro
230 3210 394 3288 acceptatio
417 3207 514 3267 valide
537 3209 627 3267 etiam
654 3207 719 3267 fieri
742 3217 842 3286 potest
865 3208 902 3267 ab
915 3209 954 3267 ali
975 3230 1015 3269 uo

10 3294 17 3365 ζ
70 3290 170 3360 tertio,
191 3289 242 3368 qui
257 3288 414 3367 specialem
428 3287 476 3348 vel
490 3288 659 3365 generalem
673 3288 908 3346 commissionem
924 3231 1014 3347 habet

10 3366 22 3453 J
71 3369 447 3463 bpromissariozuitemin
463 3365 653 3457 sequentibus
676 3364 810 3425 casibus:
840 3370 884 3424 1⁰.
906 3367 1014 3460 Validis

71 3445 1015 3608 ttttll‘ttlttsstttlltltltl',tltttltttllt

10 3591 25 3707 ,Ξ
69 3610 111 3704 los
119 3628 176 3689 pro
191 3608 297 3667 Hero:
319 3610 366 3665 20.
390 3607 451 3699 Qui
463 3604 586 3664 alterins
600 3623 699 3698 coram
713 3603 801 3695 gerit,
813 3613 944 3695 ptpater
956 3624 1019 3701 prq

71 3688 136 3809 piro,
158 3697 242 3749 tator
265 3698 321 3769 pro
334 3685 464 3768 pupill03
485 3684 618 3825 {1³le
631 3703 671 3747 ex
682 3700 881 3764 promrssrone
894 3682 1023 3785 absentt·
1051 3772 1064 3805 ,Ι

712 3852 802 3890 [Ἣ
