2160 4034
252 191 296 234 nn
315 190 553 236 concanonicos
572 192 608 235 nc
627 191 743 236 sancia.
933 178 992 238 89³

49 302 152 372 cepta,
172 297 269 373 pretio
283 295 465 356 aetimabilia
478 295 547 365 sint,
568 296 664 374 ipsum
689 293 815 355 officium
835 300 995 376 campsoris

49 386 101 433 est
109 372 328 451 jastuatitnlus
341 376 415 433 lucri
428 374 585 434 cambialis.

93 453 162 512 Nec
176 450 273 513 obstat
288 454 436 514 interdum
458 473 638 532 campsorem
659 451 690 512 id
706 452 803 513 facere
816 453 880 514 sine
893 455 995 519 labore

53 543 86 590 et
100 533 296 603 incommodo,
316 535 452 601 imdcum
468 553 521 591 suo
535 533 702 602 commodo;
725 553 792 591 nam
813 532 869 593 hcc
883 554 938 613 per
950 557 997 595 ac-

53 610 158 749 iii?
180 623 234 684 est,
259 613 381 691 ejusque
404 611 557 671 industrias
575 621 606 671 et
621 611 704 671 bonas
723 613 848 674 fortuna
871 615 998 677 adscribi

72 709 89 749 e
131 702 154 749 t.
355 729 358 733 -

92 767 197 849 Major
218 770 372 830 difficultas
393 779 448 840 est,
472 770 497 830 si
520 768 626 851 aliquis
648 789 703 848 per
724 769 857 831 accidens
881 773 997 834 tantrim

53 867 236 926 campsorem
251 852 322 928 ugit,
336 850 425 930 idque
439 849 501 908 siue
514 849 615 908 labore
629 859 660 907 et
674 849 875 922 incommodo;
894 871 932 911 an
946 852 997 913 illa

51 925 167 986 lucrum
181 949 220 988 cx
234 929 321 988 simili
336 929 449 988 cambio
463 929 584 1006 exigere
598 927 713 1006 possit?
979 940 982 948 ’

92 1007 151 1069 IV.
172 1008 211 1068 R.
230 1009 375 1067 Daelman'
389 1014 415 1068 dc
431 1008 559 1066 Billuart
571 1007 726 1076 sustinent,
743 1007 832 1067 talem
846 1008 919 1068 nihii
932 1011 995 1070 cuid

50 1105 125 1163 gere
135 1106 226 1166 posse
240 1087 359 1146 delecta
372 1088 468 1147 tituli:
490 1086 760 1147 salmanticenses&
770 1098 872 1147 contra
883 1087 995 1161 volunt,

49 1164 142 1224 talem
158 1167 246 1225 etiam
266 1165 374 1225 habere
392 1167 507 1246 justum
528 1165 665 1233 titulum
684 1165 822 1226 nimirum
836 1168 905 1248 qnia
918 1187 996 1228 com-

49 1244 181 1305 moditas
194 1245 273 1304 illius
287 1247 416 1323 pecuniae
431 1245 569 1324 praelia,
584 1243 688 1303 morali
707 1243 821 1323 judicio
837 1256 884 1305 est
898 1251 997 1325 pretio

49 1323 244 1395 estimabilia
264 1336 296 1384 et
309 1328 339 1383 in
354 1325 468 1386 cambio
481 1324 566 1384 locali
581 1324 741 1383 intervenit
755 1324 889 1384 virtualis
908 1344 996 1404 pacu-

50 1402 168 1463 niarum
196 1404 359 1476 translatio,
393 1424 481 1485 qnam
513 1402 611 1463 nullus
638 1413 756 1462 tenetur
781 1404 875 1481 gratis
908 1404 994 1469 uteri

116 1494 206 1543 stare.
517 1515 522 1522 ·
892 1538 895 1544 ,
923 1535 928 1544 .

49 1502 263 1622 ΡἛηυηωαιι
282 1563 363 1632 dicit,
384 1562 409 1621 si
429 1561 488 1622 duo
508 1569 616 1640 egeant
634 1560 758 1630 cambio,
778 1560 911 1623 Joannes
924 1583 952 1623 v.
964 1584 998 1643 g.

51 1653 144 1719 egeat
156 1642 287 1720 pecuniis
303 1642 435 1711 Parisiis,
459 1660 531 1720 quas
552 1640 640 1705 habet
659 1639 820 1711 Bruxellis,
841 1652 872 1701 et
887 1644 994 1704 Petrus

51 1733 143 1798 egeat
156 1721 317 1792 Bruxellis,
331 1741 403 1800 quas
417 1719 506 1779 habet
521 1719 652 1791 Parisiis,
674 1730 743 1778 tnnc
756 1732 892 1780 neutrum
907 1742 994 1800 posse

49 1800 173 1879 aliquod
186 1800 299 1860 lucrum
313 1803 443 1877 exigere,
457 1800 482 1858 si
496 1798 552 1858 sibi
565 1809 697 1858 mutuam
710 1798 903 1878 indigentiam
917 1802 993 1861 indi·

51 1891 139 1948 cent3
158 1882 227 1961 quia
250 1879 305 1938 sibi
328 1881 432 1938 mutud
455 1878 578 1940 eandam
602 1876 760 1937 utilitatem
784 1888 944 1957 praetant:
968 1882 993 1941 si

49 1963 126 2017 vcro
148 1958 205 2016 sibi
228 1959 353 2037 invicerp
376 1959 583 2018 necessitatem
605 1977 686 2017 suam
706 1977 764 2015 non
782 1958 920 2031 indicent,
941 1961 994 2020 sed

51 2057 131 2096 nous
152 2037 278 2096 alterum
301 2037 472 2116 praeveniat,
493 2047 562 2096 tnnc
585 2046 707 2114 rogatus
724 2047 825 2115 posset
838 2057 856 2096 a
869 2050 993 2118 rogante

50 2115 166 2176 lucrum
181 2117 311 2194 exigere.

92 2196 126 2256 Si
139 2195 279 2255 tamen‘le
301 2215 334 2255 es
354 2195 501 2274 Principis
519 2204 572 2253 aut
591 2194 772 2272 Reipublicae
790 2206 890 2257 vetent
903 2199 993 2276 parti·

51 2274 200 2334 sularibus
221 2215 357 2344 camisire,
385 2294 443 2333 non
470 2274 564 2333 ausim
586 2293 727 2333 excusare
751 2276 839 2332 etiam
867 2277 898 2334 in
925 2296 993 2335 con·

52 2354 184 2424 scientia,
201 2355 297 2432 inquit
312 2355 459 2431 Stcyaert,
478 2362 640 2432 putamque
654 2363 756 2410 contra
771 2353 914 2432 Wiggers
927 2375 992 2417 esse

51 2432 149 2492 locum
169 2433 369 2502 restitutioni3
390 2433 458 2511 quia
478 2435 645 2491 contractus
663 2441 709 2490 est
722 2429 829 2490 nullus.
868 2433 916 2494 De
937 2435 993 2495 lucc

52 2512 158 2572 ultimo
179 2523 277 2572 tamen
297 2512 347 2572 alii
361 2512 513 2571 Authcres
533 2510 677 2579 dubitant,
702 2510 806 2569 incerti
820 2531 856 2570 au
871 2511 921 2572 lex
941 2513 993 2572 illa

50 2592 91 2651 sit
106 2593 223 2650 irritum
236 2592 356 2661 faciens,
369 2611 405 2649 ao
421 2590 579 2667 prohibens
593 2589 717 2649 tannim.

93 2670 239 2749 Admittit
252 2671 371 2729 interim
392 2669 546 2740 Daelman,
570 2680 647 2739 eum,
669 2667 718 2746 qui
732 2667 821 2728 habet
834 2679 991 2748 patacoues

49 2750 227 2819 selandicos,
250 2761 301 2809 aut
324 2748 445 2828 pistelas
459 2749 578 2828 gallicas
596 2748 743 2808 similesne
763 2750 884 2826 species,
904 2769 991 2829 posse

49 2829 172 2911 aliquod
192 2829 354 2888 auctarium
373 2848 463 2906 supra
479 2829 607 2907 pretium
621 2827 785 2906 legitimum
805 2829 945 2906 recipcre,
966 2831 992 2889 si

49 2928 102 2969 eas
116 2918 265 2988 permutet
278 2928 344 2967 cum
357 2906 414 2966 alia
432 2907 546 2986 specic;
565 2908 635 2986 qnia
656 2919 763 2985 praeter
775 2907 903 2984 pretinm
917 2907 991 2987 legi·

48 2988 165 3058 timum,
173 2988 288 3066 priores
302 2988 358 3048 illae
374 2988 485 3064 species
496 2988 525 3045 in
537 2987 651 3047 ratione
664 2986 770 3045 mercis
783 2985 892 3047 habent
911 2989 992 3048 aliud

49 3068 179 3147 pretium
195 3067 325 3144 vulgare,
347 3066 484 3145 Principe
505 3067 615 3125 sciente
636 3075 667 3125 et
686 3086 744 3124 non
762 3066 992 3127 contradicente.

90 3147 140 3205 An
155 3145 225 3205 licet
239 3165 382 3215 nummos,
397 3146 446 3225 qui
461 3146 508 3204 hic
522 3146 644 3205 minoris
658 3144 765 3214 valent,
785 3145 946 3205 transferre
960 3148 991 3206 in

49 3225 159 3295 locum,
172 3225 224 3285 ubi
238 3226 331 3304 pluris
341 3225 451 3297 valent,
465 3244 493 3284 v.
503 3245 534 3302 g.
548 3225 577 3283 in
594 3225 724 3285 Patriam
739 3224 944 3296 Leodieusam,
959 3237 992 3285 ut

49 3304 121 3363 inde
134 3316 269 3383 captetur
281 3305 417 3364 lucrum?

89 3384 129 3442 R.
150 3405 216 3442 com
231 3385 417 3462 Steyarctioc
437 3383 569 3462 pecuniis
588 3382 654 3442 istis
673 3382 718 3440 uti
738 3381 896 3441 secundum
910 3382 991 3443 valo·

49 3474 114 3521 rem
128 3475 296 3522 currentem
309 3483 367 3522 non
382 3473 427 3521 cst
440 3463 573 3522 absolate
587 3461 732 3530 illicitum,
756 3460 921 3520 hominibus
935 3463 993 3521 sibi

48 3543 177 3602 invicem
200 3542 437 3602 remittentibus:
456 3542 479 3601 si
504 3541 570 3623 quis
591 3551 688 3602 tamen
713 3541 864 3599 occasione
887 3540 996 3601 similis
1019 3606 1024 3617 ,

49 3621 126 3681 lucri
138 3621 276 3703 captandi
289 3622 427 3703 impleret
439 3620 515 3682 hanc
527 3621 651 3713 patriam
665 3619 806 3708 moeniis,
819 3638 884 3700 quo
897 3619 1024 3683 ⁸01in
