2160 4034
330 156 374 200 na
394 155 476 199 roan
496 155 538 199 ar
557 154 713 199 scamma.
943 140 1001 201 loo

49 261 169 334 influat,
191 266 227 321 nt
239 268 324 340 patet
337 261 368 319 in
389 260 552 339 exemplis:
573 261 625 340 qui
638 261 717 320 enim
731 277 806 339 pme
819 236 1006 339 negativam

49 341 174 413 habent,
188 341 318 420 ponendi
333 351 402 400 annt
410 341 440 399 in
452 340 580 421 quodam
589 340 687 418 gradu
696 338 880 399 audientium'
891 341 1006 403 detrac-

49 422 177 491 tionem,
192 419 348 498 de·qaibns
361 420 454 478 Nam.
472 423 537 478 108.

85 501 147 562 lv.
170 500 303 575 Quartae
328 500 434 559 madae
462 509 517 569 est,
544 507 563 537 “
583 498 634 577 qui
656 498 759 558 laudat
784 499 924 559 remisse''
951 520 1005 561 seu

49 579 173 659 frigide,
201 580 242 638 nil
256 589 308 638 aut
321 598 427 657 parum
449 578 538 638 laude
560 578 683 657 dignum
696 578 877 657 proferendo
891 578 929 639 de
941 580 1003 652 illo,

49 679 142 798 liii
157 657 1005 798 ‘staffili-&litii‘atiel’extitit?

50 759 206 878 arrugias
232 818 315 876 Hinc
328 817 407 875 dixit
420 757 518 876 Aulis
539 815 671 877 Gellius:
692 757 824 895 'l'uipius
837 828 884 876 est
896 759 1006 898 frigide

52 895 181 966 laudari,
197 917 284 975 quam
295 897 428 974 graviter
438 897 611 974 vituperari.

92 978 133 1037 V.
155 977 266 1039 Varios
279 987 427 1054 praeterea
440 975 615 1035 detrahendi
629 975 734 1035 modos
747 975 1007 1068 egregieaeexpanit

57 1057 87 1117 S.
104 1055 279 1114 Bernardus
294 1074 382 1113 serm.
395 1057 444 1113 24.
458 1055 487 1112 in
505 1055 626 1115 Cantica
640 1055 760 1114 dicens:
781 1066 799 1092 “
811 1056 876 1113 Ali1
886 1056 1006 1134 quidem

55 1145 73 1174 “
86 1135 169 1194 nude
179 1141 205 1195 dt
216 1136 425 1205 irreverenter,
440 1137 485 1192 uti
495 1136 525 1192 in
536 1133 657 1194 buccam
666 1135 758 1204 venit,
770 1134 851 1193 viras
865 1148 1007 1197 evomunt

55 1228 72 1254 ⁶·
86 1214 304 1275 detractionis:
324 1212 376 1272 alii
402 1214 529 1294 quodam
556 1213 625 1275 fuco
653 1214 797 1273 simulatae
821 1217 1007 1276 verecundiae

55 1305 74 1333 “
87 1294 233 1353 malitiam
260 1293 437 1354 adumbrare
463 1304 616 1365 conantur,
642 1294 767 1352 mittunt
787 1293 848 1351 alta
870 1296 1006 1372 suspiria,

56 1383 74 1414 “
86 1374 173 1433 vultu
186 1384 293 1432 moesto
307 1376 333 1432 8ι
348 1393 421 1432 voce
435 1372 587 1451 plangenti
602 1373 757 1452 egreditur
770 1373 959 1444 maledictio;
979 1377 1006 1434 a

56 1464 74 1493 ‘⁴
87 1452 211 1532 quidem
225 1455 307 1513 tanto
320 1452 515 1531 plausibilior,
537 1454 648 1531 quantd
662 1453 802 1522 creditur,
823 1451 860 1510 ab
873 1453 930 1524 his,
955 1455 1006 1532 qni

55 1543 74 1572 ⁴⁴
86 1533 225 1604 audiunt,
240 1534 329 1592 corde
338 1533 442 1602 invito,
453 1532 775 1610 &magiscondolentis
785 1531 902 1603 affectu,
917 1553 1005 1611 qnam

56 1621 73 1653 ‘⁴
84 1612 236 1672 malitiose
249 1612 378 1691 proferri
390 1633 399 1672 a
420 1611 516 1681 doleo,
528 1613 579 1682 ait,
593 1612 786 1672 vehementer
799 1631 854 1689 pro
865 1632 911 1684 eo,
923 1612 1006 1690 quod

53 1701 69 1732 ‘⁶
82 1692 156 1751 eatis
168 1713 236 1751 eum
251 1692 383 1770 diligam,
395 1693 421 1750 &
435 1711 584 1768 nunquam
595 1693 679 1769 potui
691 1692 728 1750 de
742 1691 797 1749 hac
810 1711 843 1750 re
854 1692 1004 1771 corrigere

56 1781 71 1811 ‘⁴
82 1770 180 1832 illum.
203 1783 207 1789 ’
221 1773 264 1831 Et
277 1773 352 1830 alius
364 1793 372 1830 ι
394 1773 478 1830 Bene
489 1770 561 1829 illud
573 1790 723 1840 noveram,
738 1771 790 1830 aed
800 1791 854 1849 per
866 1791 916 1831 me
928 1790 1004 1830 non·

55 1860 71 1891 “
83 1871 175 1930 qnam
181 1852 371 1920 innotuitset3
382 1862 413 1909 at
422 1851 562 1930 quoniam
572 1869 621 1909 res
631 1850 780 1928 patefacta
787 1863 841 1920 est,
847 1850 1005 1911 veritatem

56 1939 417 2070 “att‘ttltt‘ttms’
431 1929 626 2068 litii?
639 1930 964 2068 ‘titillata

91 2090 239 2164 Quamvis
248 2090 338 2169 juxta
354 2053 488 2167 Sylvium
502 2089 576 2148 alios
597 2028 761 2156 uepomnes,
785 2088 836 2146 isti
850 2089 930 2148 modi
944 2089 1004 2148 aiat

55 2168 185 2249 ejusdem
196 2171 314 2249 speciei,
321 2189 396 2227 unus
405 2178 503 2227 tamen
513 2179 560 2227 est
568 2111 662 2227 altero
671 2166 1004 2247 multdgravior,quam·

56 2249 157 2308 obrem
181 2250 319 2309 distincte
341 2248 455 2307 suntin
479 2247 664 2308 confessione
686 2247 884 2326 exprimendi.
924 2248 1004 2311 Vide

54 2328 146 2388 Nam.
158 2331 210 2389 98.

110 2488 153 2548 Ν.
176 2490 243 2547 107.
284 2486 346 2547 DE
366 2486 685 2548 INFAMATIONE
707 2486 943 2548 SUI-IPSIUS.

54 2608 77 2666 l.
100 2608 235 2686 Saeptum
249 2608 397 2687 infamare,
440 2607 482 2667 11.
498 2607 629 2687 Sepositd
638 2609 723 2687 justi
735 2610 831 2678 caari,
861 2606 1003 2667 11LPer

89 2708 120 2746 ae
132 2698 274 2766 repuqaat
283 2687 453 2747 liberalitati.
495 2688 551 2748 IV.
571 2687 631 2746 Per
643 2689 771 2746 accidens
781 2687 1002 2765 aiamjaaitia,

84 2767 289 2925 pl'dadmliis
301 2768 461 2826 virtutibus.
502 2768 559 2829 VI.
586 2767 625 2826 Ut
629 2767 704 2844 fieri
720 2777 813 2845 potest
825 2769 855 2825 ia
869 2776 1003 2845 peccante

162 2867 212 2905 cce.

89 2968 157 3027 AN
169 2968 240 3028 licet
255 2969 383 3046 seipsum
399 2969 543 3028 infamare
556 2966 717 3026 revelando
733 2986 817 3026 suum
832 2966 943 3026 crimen
955 2965 1004 3025 vel

56 3048 208 3108 defectam
221 3068 333 3118 verum,
349 3049 400 3106 sed
415 3048 588 3107 occultum?

92 3129 117 3187 1.
140 3129 180 3188 R.
203 3128 247 3197 ld,
263 3129 394 3206 sepositi
402 3127 487 3206 justia
500 3128 661 3197 causiaco
675 3124 1005 3197 licet,monenteEcclo.

52 3227 114 3287 cap.
130 3211 180 3266 41.
192 3208 231 3267 V.
248 3210 293 3265 15.
314 3209 453 3267 “Curam
474 3207 550 3266 habe
573 3207 610 3265 de
634 3205 711 3264 bono
726 3205 871 3265 nomine.”
911 3206 1003 3264 Ratio

52 3298 107 3359 eet,
123 3287 209 3366 quod
220 3286 313 3346 multo
323 3289 421 3346 mimis
432 3287 520 3345 liceat
530 3287 690 3366 prodigere
701 3285 819 3356 famam,
830 3285 917 3364 quam
926 3283 1004 3342 bona

51 3367 191 3427 fortunae.

89 3448 168 3506 Cam
183 3458 282 3507 tamen
296 3446 386 3506 homo
401 3446 563 3505 dominium
575 3445 683 3504 habeat
697 3466 756 3504 snae
766 3445 859 3512 famae,
868 3446 1003 3500 excausa

59 3525 167 3586 leviori
183 3538 284 3605 potest
297 3528 427 3605 seipsum
441 3527 595 3596 infamare,
609 3545 695 3606 quam
712 3525 888 3600 proximum.

94 3606 140 3666 Π.
162 3606 284 3665 Dictum
297 3617 352 3676 est,
374 3615 391 3667 t‘
406 3606 537 3684 sepositi
545 3605 630 3684 justi
643 3607 729 3664 causi
739 3602 763 3672 ;”
784 3602 853 3680 quia
867 3601 922 3659 hac
935 3601 1002 3661 aub-

54 3685 190 3757 sistente,
204 3687 319 3745 nullum
330 3696 377 3744 est
390 3695 544 3765 peccatum
556 3709 563 3755 ;
576 3685 636 3744 imo
645 3685 809 3742 virtuosum
821 3701 885 3740 esse
896 3690 1006 3760 potest,
1044 3722 1047 3737 2

56 3765 80 3825 si
92 3765 148 3826 fiat
161 3767 226 3832 sine
240 3765 387 3839 scandalo,
415 3767 485 3826 vitre
498 3764 630 3846 periculo
643 3768 669 3822 a
681 3762 807 3823 aliorum
822 3760 941 3839 injuria,
968 3760 1008 3820 ad
