2160 4034
72 176 112 235 22
448 192 635 235 ruscrsrns

110 298 136 358 Ι.
156 299 195 358 R.
215 297 419 360 Affirmative:
432 306 459 359 dt
468 300 531 360 hunc
540 299 689 359 neumatis
695 298 817 360 ridetur
824 308 900 359 tutte
908 297 1022 377 praxis,

66 379 138 439 licet
148 377 246 436 minsis
258 379 331 455 pie:
345 379 486 449 ntioest,
500 379 580 458 qudd
589 380 659 439 talis
666 379 775 438 irsbmt
783 398 889 439 verum
898 377 1023 441 titulun

67 457 230 537 recipiendi
243 458 505 528 alimentstionem,
518 460 632 518 scilicet
639 459 794 538 spirituale
808 457 1020 525 ministerium,

70 539 299 618 quodpraestat3
318 537 397 597 unde
410 538 600 616 dicitApost.
617 542 644 597 1.
663 538 703 598 ad
717 539 787 598 Gur.
808 557 873 616 cap.
886 538 918 596 9.
939 536 982 598 V.
993 538 1022 597 'lc

69 630 88 657 ‘⁶
103 619 179 692 Quis
190 616 298 675 militat
311 618 373 675 snis
386 618 543 696 stipendiis
555 638 685 696 unquam
695 617 729 678 ?”

111 698 194 756 Idem
208 706 291 754 tenet
306 696 336 756 fl.
352 697 458 757 Thom.
479 700 507 755 2.
520 701 549 756 2.
562 718 591 775 q.
608 701 674 756 185.
685 707 746 756 art.
765 697 794 754 7.
806 695 846 755 sd
859 697 889 754 3.
923 693 1022 764 Idem,

68 776 165 854 inquit
179 776 354 834 Dominicus
370 777 453 846 Soto,
468 778 610 835 naturalis
621 797 691 835 usus
702 775 844 835 nodosis
853 772 1023 837 wutron

107 856 304 921 Adcanones,
325 856 376 933 qni
390 868 600 933 opponuntur:
632 910 635 917 .

107 935 147 996 R.
169 935 257 1007 Quod
266 935 308 993 nil
317 935 398 994 aliud
409 936 554 1005 evincant,
566 937 655 1015 quem
663 932 859 1014 quddclerici
869 931 1023 1011 prioribus

68 1014 189 1084 seculis,
204 1015 274 1073 dum
289 1014 352 1072 rita
365 1015 528 1073 communis
542 1016 671 1092 vigebat,
683 1017 701 1074 d
714 1013 800 1073 bonis
812 1011 1022 1073 communitus

67 1094 216 1153 abstinere
239 1093 393 1164 deberent,
421 1094 492 1153 dum
505 1114 559 1153 sus
572 1095 741 1173 relinquere
758 1091 807 1151 vel
820 1093 851 1150 in
861 1094 1028 1153 commune¹
1044 1164 1046 1169 Ι

69 1174 204 1233 conferre
218 1173 367 1232 nolebant.

104 1254 155 1312 An
170 1252 240 1311 licet
252 1253 377 1312 elerici·
390 1251 428 1311 de
442 1252 527 1310 bonis
538 1252 753 1311 Ecclesiasticis
767 1249 848 1310 alere
865 1251 897 1307 in
911 1249 1040 1313 studiis·

68 1333 310 1409 consanguineos,
316 1332 340 1390 si
350 1343 487 1409 parentes
496 1332 714 1401 nolintnuteos
722 1351 781 1390 non
793 1331 909 1408 possint
918 1328 1021 1389 alere?

41 1466 44 1473 .
109 1412 151 1471 11.
174 1412 211 1471 lt
234 1412 302 1471 Hoc
315 1431 381 1471 esse
395 1411 517 1480 licitum,
531 1412 583 1470 sed
595 1431 672 1489 sepe
682 1410 815 1490 periculo
829 1429 889 1469 non
900 1428 1021 1469 careres
1040 1453 1046 1487 ,

71 1492 149 1551 unde
161 1491 234 1550 dicit
244 1490 419 1568 landolphus
431 1490 662 1549 carthusianus:

108 1581 125 1609 “
141 1572 220 1629 Dum
236 1570 355 1649 genitor
368 1589 467 1628 rerum
481 1570 610 1647 privavit
624 1570 737 1628 semine
752 1567 901 1636 Clernm,”

108 1660 126 1689 “
142 1650 193 1708 Ad
210 1650 327 1709 Satanoe
338 1659 439 1707 votum
454 1650 594 1708 successit
608 1649 696 1707 turba
708 1647 877 1726 nepotum,”
1035 1709 1038 1715 ,

107 1731 157 1788 An
171 1729 286 1787 licitum
299 1739 346 1788 est
360 1728 549 1787 Beneficiatis
560 1748 598 1787 ex
609 1729 802 1806 proventibus
823 1723 1014 1785 heneficiidc·
1035 1709 1046 1765 ³⁴¹

66 1809 214 1868 scientem
227 1811 512 1886 consanguineorum
527 1817 637 1866 statum
646 1807 818 1866 sustinere?
1037 1807 1046 1875 ¹,

107 1889 146 1949 R.
166 1888 295 1946 Licitnm
310 1898 357 1945 est
369 1891 395 1944 dr
407 1885 488 1963 pium
503 1885 562 1945 illis
576 1907 757 1958 succurrere,
770 1886 842 1945 dum
856 1885 1012 1944 necessita·
1034 1888 1046 1924 ³³

70 1978 130 2027 tem
145 1967 308 2045 patiuntur.
1035 1968 1045 2004 ²

110 2046 141 2107 11
146 2047 168 2105 Ι.
188 2048 237 2104 2⁰.
258 2043 388 2104 Licitum
402 2054 449 2103 est
467 2046 558 2122 juxta
571 2045 602 2105 S.
617 2046 724 2104 Thom.
738 2046 783 2103 eis
796 2042 964 2115 subvenire,
983 2054 1016 2103 ut
1037 2029 1046 2084 i

68 2146 126 2185 non
141 2125 302 2202 indigeant,
316 2129 384 2182 &ut
393 2124 575 2183 Beneficiato
584 2125 772 2202 indignitate
785 2125 949 2183 constituto
959 2132 1017 2183 nori
1038 2126 1046 2164 ¹

68 2206 128 2265 sint
151 2205 299 2275 dedecori,
326 2214 416 2280 prout
436 2203 550 2262 addunt
571 2204 725 2263 Authores
748 2203 838 2272 varii3
859 2201 913 2263 sed
934 2208 961 2262 oz
974 2203 1046 2263 hiet

68 2281 1019 2441 iiii§iiiiii‘iiiiii‘aiiidiiiffliiidiii‘“iiii“
1041 2288 1046 2389 ἶ

111 2442 166 2504 lv.
186 2443 319 2504 Joannes
340 2443 422 2501 certo
445 2442 548 2512 sciens,
571 2443 649 2520 quod
676 2454 762 2520 pater
783 2462 862 2512 suus,
884 2441 936 2520 qui
960 2460 1020 2501 nou
1043 2452 1046 2483 ἲ

67 2521 196 2581 habebat
205 2522 262 2580 nisi
275 2523 351 2581 bona
358 2522 461 2581 matris
472 2521 628 2592 defunctae,
634 2520 1023 2599 majoresexpensasfecerit
1044 2538 1046 2549 ·

69 2622 137 2661 eum
161 2602 191 2659 in
216 2601 321 2660 studiis
343 2601 553 2672 intertinendo,
581 2604 668 2679 quarn
684 2602 715 2659 in
734 2620 836 2660 sorore
858 2600 1021 2671 educanda,

68 2681 184 2760 qnaerit,
196 2701 232 2738 an
244 2681 351 2739 debeat
359 2680 531 2739 tantundem
542 2681 637 2738 sorori
647 2680 806 2740 restituere
814 2681 843 2738 in
854 2681 1020 2760 supposito,

68 2760 148 2839 qudd
162 2779 220 2818 non
236 2760 343 2818 hebeat
356 2760 413 2818 nisi
426 2759 575 2837 superflua
588 2760 794 2821 beneficialia?

107 2840 147 2899 R.
168 2838 297 2898 Attendi
311 2838 1022 2918 debent,juramunicipaliasiveconsuetudines2

66 2918 1023 2998 quiasipaterJoannishnbueritliberamdispositionemiilorum

66 2998 212 3069 bonorum
227 2996 265 3055 ad
279 2996 377 3075 proles
387 2998 510 3059 honeste
519 3000 693 3070 educandas,
708 3001 840 3061 Joannes
853 2997 930 3056 liber
939 3008 987 3056 est
1003 3000 1024 3057 ἰ

64 3076 270 3139 restitutione:
291 3077 316 3134 si
325 3078 396 3134 vend
406 3088 491 3155 pater
501 3079 622 3139 liberam
633 3079 712 3138 illam
723 3077 947 3156 dispositionem
959 3096 1023 3136 non

66 3155 213 3225 habuerit,
236 3155 257 3215 J
259 3175 369 3215 oannes
392 3168 511 3219 tenetur
532 3158 691 3217 restituere
704 3159 793 3217 etiam
808 3178 847 3216 ex
861 3156 1022 3235 superfluis

62 3234 217 3304 beneficii;
237 3237 307 3311 quia
320 3236 434 3313 accepit
448 3237 555 3317 alique,
577 3257 642 3315 quse
653 3257 710 3296 non
725 3246 810 3295 erant
824 3236 971 3306 donantis,
993 3242 1022 3295 oz

63 3312 171 3392 quibus
182 3314 311 3391 acceptis
320 3313 434 3375 donans
444 3317 567 3397 incapax
577 3318 672 3375 factus
686 3326 732 3375 est
741 3315 779 3375 ad
791 3316 1023 3376 restituendum.

106 3393 188 3466 Quid
202 3393 227 3450 si
250 3393 382 3452 Clericus
397 3396 537 3473 singulari
552 3396 740 3474 parsimonia,
762 3416 800 3454 ex
821 3396 1020 3473 proventibus

61 3490 203 3606 ppngruae
212 3473 421 3563 sustentationi
434 3474 542 3566 debitis
553 3475 687 3569 quandam
699 3474 849 3568 subduxit,
861 3495 897 3534 an
909 3475 947 3533 de
957 3474 1020 3536 illis

73 3570 89 3665 ¹·
101 3551 272 3719 iiiiii}
283 3550 484 3690 indito
498 3556 907 3693 {detonduntur
920 3632 1019 3693 aaut,

59 3715 132 3764 sans
143 3705 254 3766 idonee
263 3708 381 3768 ratione
389 3709 541 3788 probatur,
550 3714 647 3793 inquit
656 3714 772 3785 Dauos3
785 3714 862 3775 ratio
872 3723 926 3785 est,
937 3714 1018 3792 quod

671 3956 763 4002 Μ
