2182 4036
66 151 123 211 114
437 161 625 205 rnecrnrns
730 200 735 209 .

109 269 169 344 Qui
180 269 243 328 sine
253 266 463 346 impetratione
473 267 552 326 cedit
561 267 639 336 foro,
651 262 708 325 boc
719 273 774 337 est,
786 267 835 325 vei
843 284 902 345 per

68 349 117 409 vel
131 368 184 428 per
198 347 405 409 executionem
420 347 604 426 judicialem,
624 365 663 405 ex
677 345 828 425 haepnns
839 345 926 407 nullo

69 438 229 487 excusetur
242 429 261 487 d
274 427 463 486 restitutione
477 437 529 484 out
542 424 694 485 diletione.
971 430 974 436 '

110 507 190 582 Quid
209 515 332 585 praestst
345 505 521 566 beneficium
542 502 683 565 cessionis
704 504 774 578 fori,
794 502 868 564 dum
888 514 938 565 est

68 587 142 646 time
156 587 372 664 impetratum?
429 590 433 595 ’
975 638 978 643 .

87 674 89 678 ’
111 667 168 727 lV.
182 666 221 725 R.
236 665 310 723 Hrec
320 664 397 724 duo:
422 666 466 723 1⁰.
482 663 575 738 Qudd
586 664 837 742 debitorpropter
851 662 955 722 debite

69 746 164 837 possit
178 744 371 812 incarcerari3
391 746 440 804 20.
456 743 545 817 Quod
557 743 640 804 licite
651 745 785 804 retinere
794 742 947 820 poeniten,

67 825 163 902 Judex
173 825 200 882 ei
212 822 268 882 assi
292 833 353 894 net,
373 842 411 882 ne
426 824 489 900 ipse
503 822 551 881 vel
565 826 610 882 sui
625 833 750 903 egeant3
770 842 826 881 nec
835 831 949 900 prseter

69 904 167 983 possit
180 904 247 981 quis
256 842 338 961 ilium
347 922 402 980 pro
414 901 523 961 debitis
537 904 671 981 aggredi.

79 1020 83 1025 -
113 982 200 1042 Circe
214 982 269 1040 hoc
282 991 426 1041 statutum
440 983 517 1041 estd
531 982 638 1042 Cnrolo
653 983 689 1043 V.
703 985 752 1040 20.
764 980 875 1041 Octob.
892 980 975 1039 1541.

72 1061 124 1140 qui
136 1060 240 1121 literas
254 1061 292 1120 ed
306 1061 468 1120 cessionem
479 1061 644 1120 faciendum
655 1061 867 1139 impetrbrunt,
882 1079 932 1118 ees
946 1059 955 1117 i

72 1159 204 1200 mensem
226 1140 381 1219 injudicio
395 1141 531 1210 offerant,
559 1161 624 1199 cum
646 1140 769 1219 synopsi
778 1138 884 1217 jurato
894 1139 971 1197 omni

71 1218 951 1297 bonorum,esdemquederelinquentcreditoribusdimissri

72 1299 213 1368 sessione,
235 1305 286 1358 &c
328 1299 405 1359 ltem
420 1298 499 1377 qudd
511 1299 607 1358 literne
628 1298 770 1359 cessionis
789 1296 920 1357 debeant

70 1379 150 1438 mitti
161 1377 266 1456 judici,
287 1388 321 1436 nt
335 1377 481 1456 designet,
503 1397 636 1455 quaennm
652 1377 769 1437 cedenti
783 1376 917 1435 retinere
929 1375 951 1434 li

72 1458 106 1517 Si
120 1457 158 1516 nd
176 1457 330 1516 meliorem
343 1457 493 1537 fortunam
507 1457 641 1527 redierit,
662 1457 753 1516 debet
766 1455 986 1516 creditoribusi

72 1547 158 1614 tegre
172 1536 363 1596 satisfacere:
387 1537 412 1594 ri
432 1534 510 1599 bone
524 1535 553 1596 iu
568 1537 704 1596 fraudem
719 1535 904 1596 creditorum
917 1534 957 1595 ali

70 1616 158 1686 verit,
180 1616 326 1694 vibregiit
339 1615 488 1694 perleges
501 1612 688 1674 revocentur.
918 1663 923 1673 .
969 1622 973 1629 '

111 1695 192 1755 Hinc
205 1697 338 1775 graviter
351 1694 486 1753 illicitum
501 1705 557 1764 est,
578 1694 759 1754 abscondere
772 1694 874 1772 ulique
894 1694 977 1763 boue,

71 1775 131 1836 elie
144 1781 265 1855 iusuper
279 1777 297 1835 d
306 1773 408 1851 judice
428 1773 579 1852 assignato
590 1774 744 1852 occipere:
765 1784 800 1832 ut
813 1783 931 1836 concon

72 1856 137 1914 rids
148 1875 185 1914 ex
195 1855 309 1932 judicio
325 1852 488 1912 Facultatis
503 1846 694 1931 Theologicee
709 1853 908 1913 Lovanieusis
921 1851 988 1912 doto

72 1933 150 1993 Maii
167 1936 252 2003 1657,
279 1935 307 1990 ἃ
329 1931 502 1991 confirmato
516 1932 545 1990 in
572 1933 694 2010 Synodo
716 1932 954 1994 Nomurccusii

75 2013 152 2072 Item
166 2014 299 2091 graviter
312 2021 444 2088 peccunt,
459 2013 520 2089 qui,
529 2010 596 2071 edm
608 2012 711 2072 vident
725 2031 790 2071 sese
800 2014 868 2071 foro
879 2028 1030 2079 cessurotra·

50 2122 54 2132 ·
75 2091 203 2171 plurimo
216 2090 253 2149 ob
275 2090 341 2149 aliis
357 2090 471 2149 credito
490 2092 537 2149 vel
551 2102 655 2150 mutuo
670 2091 836 2169 accipiunt:
856 2093 928 2169 quin
946 2107 1020 2151 oon·

75 2170 207 2229 mittitur
217 2180 321 2248 operte
333 2170 414 2228 frnus
428 2169 476 2228 vei
490 2170 576 2229 dolus
585 2171 689 2230 malus.

117 2251 252 2310 Tenetur
272 2250 362 2309 etium
377 2249 484 2308 cedens
507 2251 574 2309 foro
588 2250 745 2321 industrii,
767 2249 922 2310 leboreet
934 2244 1026 2328 perti·

74 2331 175 2389 moniis
195 2348 308 2400 curare,
333 2339 367 2388 nt
381 2329 523 2407 acquiret,
543 2329 622 2388 unde
637 2328 834 2390 creditoribus
854 2329 1030 2390 uniuscun-

73 2409 188 2488 possit3
209 2410 278 2487 quia
301 2408 402 2468 debite
424 2428 483 2467 non
499 2418 568 2469 suut
589 2409 730 2480 extincta,
753 2419 788 2467 ut
808 2409 902 2486 vulgo
925 2407 1018 2491 plum

74 2499 190 2568 putent,
212 2489 264 2547 sed
279 2489 393 2546 tannim
409 2497 478 2546 sunt
492 2488 593 2547 dilata.
908 2540 913 2547 .
954 2542 957 2547 ,
983 2524 1015 2547 .;

115 2569 223 2647 Neque
238 2579 405 2643 excusatur,
419 2566 490 2626 licet
503 2587 569 2626 cum
584 2566 780 2627 creditoribus
794 2577 863 2628 autc
874 2584 1021 2645 composn-

75 2649 134 2708 erit
149 2648 186 2708 de
200 2647 342 2708 solvendo
363 2667 392 2706 v.
405 2665 435 2723 g.
458 2649 497 2704 33
519 2646 567 2706 vol
580 2649 620 2706 to
633 2647 662 2704 in
681 2649 753 2714 100;
774 2646 844 2724 quie
862 2646 1019 2706 creditores

20 2777 22 2780 Α
74 2728 162 2785 iuviti
177 2729 204 2784 8s
218 2727 310 2788 cuncti
333 2727 540 2804 componendo
562 2727 710 2804 accipiunt
724 2726 868 2804 quuntdm
886 2734 1021 2804 possuntt

76 2825 136 2865 non
157 2817 256 2865 entem
271 2807 442 2864 renuntiant
450 2805 515 2884 juri
529 2826 593 2877 suo,
617 2805 699 2884 quod
712 2804 823 2864 hebent
842 2805 880 2864 ud
905 2805 1021 2865 alterum

78 2884 246 2944 debitorum
261 2896 387 2962 portem.
999 2893 1002 2899 '

119 2965 169 3023 An
183 2962 310 3032 debitor,
319 2964 344 3022 si
355 2963 487 3024 clanculi
496 2963 666 3034 cedntforo,
681 2984 740 3023 non
752 2961 875 3023 obtento
886 2959 1022 3023 beneficit

79 3044 229 3113 cessionis,
250 3053 349 3121 potest
363 3045 420 3102 sibi
434 3043 567 3122 quoedem
579 3045 723 3103 servare?
846 3100 849 3107 .

119 3123 159 3182 R.
179 3123 342 3182 Dnelmen:
365 3122 419 3182 Nil
440 3132 541 3200 potest
565 3123 620 3181 sibi
641 3142 796 3183 reservare
816 3140 857 3181 ex
869 3120 940 3192 illis,
964 3136 1023 3200 quo

78 3200 187 3279 injuste
209 3212 261 3260 eut
283 3201 488 3265 fraudulenter
510 3202 685 3280 acquisivit;
716 3203 769 3262 sed
791 3202 872 3262 fecto
894 3203 1022 3263 cessione

75 3281 201 3361 privetu,
222 3281 303 3340 licite
323 3280 379 3340 sibi
394 3293 529 3341 reservet
542 3283 710 3341 necessario
722 3282 760 3340 ed
774 3280 907 3345 teuniter
923 3283 1024 3345 ‚viven-

77 3360 159 3420 dum.
200 3360 279 3422 Vide
294 3360 441 3419 Duelmun
457 3361 585 3420 hocloco
596 3371 699 3439 quest.
713 3363 742 3420 5.
762 3359 880 3419 observ.
893 3359 1006 3421 ultimi·

117 3442 156 3502 V.
169 3440 315 3500 Finaliter
328 3449 408 3509 nota,
421 3439 562 3511 clericos,
574 3442 663 3499 etium
673 3440 768 3519 primu
778 3449 901 3499 tonsure
910 3438 1022 3501 untdn

75 3518 281 3590 initiatos‚non
292 3514 476 3595 conjugatos,
484 3519 649 3597 gnudentes
658 3519 816 3598 privilegio
825 3518 893 3589 sori,
903 3529 1023 3598 propter

73 3596 176 3658 debite
189 3597 364 3658 incarcerari
377 3617 436 3656 non
447 3617 544 3675 posse,
564 3597 636 3658 licet
645 3600 711 3659 soro
722 3618 781 3658 uon
793 3599 956 3668 cesserint;
975 3594 1025 3657 sed

74 3676 180 3738 statuit
194 3677 322 3759 Gregor.
336 3675 396 3736 IX.
409 3675 461 3736 lib.
474 3680 506 3737 3.
519 3677 630 3737 decret.
640 3679 688 3738 tit.
698 3680 746 3737 23.
756 3697 820 3756 cop.
833 3680 862 3738 3.
877 3677 1022 3740 Clericurn
