2160 4034
341 198 386 241 ua
405 194 655 240 conrnacrrsos.
912 182 970 242 289

49 400 61 460 ’.
77 403 126 461 12.
169 388 229 461 DE
245 398 554 461 OBLlGATlONIl
568 398 862 464 OONTRACTUS
876 402 973 465 NON

227 478 332 539 PUlll
354 479 412 538 ΕΤ
434 478 776 540 ΟΟΝΒΙΤΙΟΝΑΤΙ.

74 636 393 715 mommoreto
409 639 556 717 coaptari.
600 638 642 698 ΙΙ.
662 636 808 715 Addicm.
849 639 909 700 Ill.
929 640 980 701 Aa

69 719 354 797 nmmum.
396 718 453 779 lv.
474 717 539 777 Sco
547 719 636 777 modo.
674 717 715 778 V.
733 716 917 779 Accam.

67 874 98 936 Ι.
117 876 148 936 N
152 875 309 937 UMERO
324 879 352 935 2·
366 875 508 954 descripti
528 885 599 934 suut
621 875 724 953 plures
735 885 904 936 contractus
916 897 976 938 uon

49 956 110 1027 uri,
134 974 260 1034 querum
274 954 429 1031 obligatio,
453 974 519 1012 cum
533 956 646 1014 nonsit
666 958 750 1033 aeque
770 955 978 1019 claraaecen·

49 1034 147 1095 ractds
157 1036 233 1113 puri,
247 1034 285 1093 de
298 1052 334 1092 ea
344 1035 392 1091 hlc
401 1034 569 1112 specialiter
582 1035 763 1113 inquiritur:

67 1110 234 1189 Quomodo
248 1115 275 1171 a
286 1113 405 1194 quando
416 1112 531 1191 obliget
544 1123 712 1172 contractus
726 1114 765 1173 ad
779 1114 881 1174 diem?

68 1192 111 1254 R.
133 1193 241 1254 Statim
254 1193 333 1270 parit
345 1203 457 1251 certem
471 1192 701 1267 obligationem
721 1194 773 1253 sed
788 1193 907 1253 debitor
918 1214 978 1256 non

49 1283 154 1333 suetur
180 1273 350 1331 satisfacere
373 1283 442 1330 anta
459 1273 616 1351 praefixum
639 1273 736 1333 diem:
756 1292 824 1351 ug.
836 1275 981 1352 promitto

49 1351 91 1413 iti
101 1354 154 1411 80.
165 1351 204 1411 ad
217 1351 297 1410 diem
312 1351 443 1409 Pasclrae.
893 1370 896 1375 ·

75 1430 118 1491 11.
140 1432 317 1490 Contractus
338 1440 357 1469 “
368 1430 406 1489 ad
420 1431 516 1490 diem”
531 1431 675 1490 incertum
688 1450 741 1490 seu
755 1441 873 1511 tempus
886 1431 981 1491 incer·

49 1530 97 1571 um
111 1510 271 1571 resolvitur
284 1511 314 1568 iu
329 1509 563 1589 conditionatum
572 1531 594 1569 e·
608 1528 636 1567 v.
646 1530 676 1589 g.
689 1512 833 1589 promitto
847 1511 919 1571 dere
932 1514 982 1571 80.

49 1591 101 1651 ou
115 1590 200 1648 navis
213 1609 252 1648 ex
267 1589 362 1648 Iudiis
370 1589 533 1660 advenerit,
544 1589 600 1648 hoc
613 1600 669 1660 est,
682 1590 708 1648 si
721 1592 806 1649 navis
819 1591 983 1650 advenerit.

75 1669 139 1729 lll.
159 1669 337 1729 Contractus
357 1677 376 1706 ‘⁴
387 1669 425 1726 ad
439 1669 739 1729 demonstrationem”
752 1670 876 1731 vitietur
894 1681 925 1731 et
939 1670 983 1729 iu·

49 1748 152 1808 ulidus
166 1758 221 1825 est,
235 1749 261 1806 si
275 1749 305 1806 in
316 1748 569 1807 demonstratione
579 1748 618 1807 sit
631 1766 717 1807 error
726 1750 804 1807 circe
817 1768 984 1829 persenam,

49 1827 243 1897 obstantiam,
267 1837 319 1886 eut
339 1828 418 1885 circa
439 1829 534 1906 ipsum
549 1836 741 1898 contractum,
761 1828 809 1887 rel
824 1829 849 1887 si
863 1829 985 1889 demon·

49 1908 142 1987 trotio
152 1907 255 1966 addita
263 1908 302 1966 sit
309 1906 392 1965 velut
400 1907 644 1967 conditiostricte
654 1908 840 1985 suspensive:
854 1906 986 1989 alioquin

49 2005 122 2048 trror
135 1987 215 2045 circa
236 1986 371 2065 quadarn
395 1986 587 2045 accidentalis
610 1985 640 2043 in
655 1985 907 2046 demonstratione
927 2007 987 2047 nou

49 2066 337 2126 ritiatcoutraetum:
352 2066 420 2123 hinc
428 2065 574 2124 invalidus
588 2064 866 2140 esthicsscontractus
875 2088 884 2125 ε
894 2067 986 2147 “lego

49 2140 132 2205 “tibi
146 2145 311 2225 pecuniam,
333 2164 422 2223 quam
438 2146 570 2207 Joanues
590 2144 662 2203 milri
676 2144 792 2215 debet,”
816 2146 842 2207 si
856 2147 989 2208 Joanues

49 2224 150 2284 sullam
163 2226 238 2283 mihi
248 2224 374 2283 debeat:
395 2226 529 2283 econtra
539 2223 653 2282 validus
673 2233 728 2293 est,
752 2225 778 2285 si
793 2225 907 2286 dicam:
921 2224 987 2301 “do

49 2304 93 2364 tibi
107 2324 229 2384 equum,
240 2323 328 2382 quern
337 2304 396 2362 cmi
412 2302 562 2373 Parisiis,’'
575 2303 645 2362 licet
655 2300 725 2362 alibi
740 2306 872 2364 ameum.

76 2384 136 2445 1v.
168 2385 345 2443 Contractus
366 2380 449 2441 “sub
475 2382 581 2442 modo”
608 2400 661 2441 seu
681 2391 700 2420 ⁴⁴
711 2382 855 2443 modalis*
876 2382 989 2463 obliget

49 2464 142 2523 tatim
151 2459 860 2545 tanquamcontractusabsolutus,obligatqueed
869 2463 988 2525 modum

49 2553 199 2603 touestum
213 2548 239 2601 dl
258 2540 439 2620 possibilem.

80 2622 175 2696 Quid,
190 2623 215 2679 si
226 2621 331 2680 medus
345 2620 395 2679 ille
408 2640 468 2679 non
482 2632 627 2691 servetur,
651 2640 687 2678 an
702 2632 854 2698 acceptum
869 2619 923 2680 sub
937 2621 991 2680 tali

49 2702 133 2761 uodo
142 2701 265 2760 retineri
277 2702 400 2779 potest?

80 2781 121 2839 R.
144 2779 382 2858 Distinguender
398 2779 422 2837 si
437 2778 542 2837 modus
556 2778 689 2857 adjectus
701 2779 740 2838 sit
754 2788 894 2857 tanquam
904 2799 992 2841 cause

49 2859 140 2919 dualis
153 2879 206 2919 seu
218 2862 236 2918 ia
246 2880 304 2939 qua
317 2857 508 2937 suspenditur
516 2877 684 2929 censensus,
695 2869 864 2917 contractus
874 2879 934 2919 uon
945 2872 991 2920 est

49 2938 169 3009 salidus,
189 2959 258 2997 casu
274 2958 332 3017 quo
347 2937 452 2995 modus
469 2957 527 2996 non
542 2948 687 3008 servetur,
702 2939 728 2995 a
742 2949 895 3017 acceptum
908 2939 995 2998 reddi

49 3017 134 3077 debet
143 3040 152 3076 ε
162 3019 230 3076 talis
240 3038 316 3096 saepe
322 3017 544 3095 judicatoresse
554 3017 660 3075 modus
669 3017 820 3095 appositus
829 3017 994 3077 contractui

49 3097 198 3174 utrimque
208 3118 344 3165 oneroso,
356 3097 428 3154 item
438 3097 488 3175 qui
499 3096 578 3154 cedit
589 3097 617 3153 in
628 3096 788 3156 utilitatem
798 3096 912 3155 dantis:
926 3117 954 3155 v.
964 3116 994 3174 g.

49 3176 100 3237 das
119 3176 263 3255 pinguem
288 3176 506 3254 eleimosyneru
530 3176 626 3246 elicui,
651 3175 739 3235 modd
762 3196 818 3254 pro
841 3187 872 3235 te
885 3177 993 3234 recitet

49 3256 204 3325 mnium,
218 3255 319 3314 audiet
331 3257 465 3324 Sacrum,
476 3256 527 3312 duc.

88 3335 122 3396 si
135 3355 210 3394 vero
220 3335 325 3393 modus
333 3346 499 3412 apponatur
508 3333 674 3393 contractui
685 3344 800 3392 tantum
810 3330 993 3399 secundario,

50 3419 228 3493 &tauquam
243 3435 317 3474 ontis
325 3414 505 3491 accipientis,
519 3432 553 3471 ac
563 3413 592 3470 in
604 3413 669 3490 ejus
680 3414 848 3480 utilitatem,
859 3419 996 3468 censetur

50 3494 155 3553 modus
176 3514 236 3552 uon
261 3513 325 3552 esse
345 3513 433 3551 causa
445 3491 540 3550 finalis
560 3503 750 3551 contractus:
772 3490 850 3550 uude
874 3487 996 3548 donatio

50 3581 143 3643 tenet,
170 3573 241 3633 licet
263 3572 368 3633 medus
383 3572 432 3631 ille
452 3591 512 3630 non
525 3570 705 3648 impleatur:
726 3571 768 3628 ita
781 3568 860 3628 valet
874 3565 1017 3627 donnus

51 3653 121 3712 neri
136 3653 215 3724 anui,
229 3653 318 3712 modo
333 3652 407 3711 bene
422 3650 549 3720 studeat,
563 3650 620 3709 etsi
631 3650 735 3709 modus
746 3648 796 3706 ille
806 3668 865 3707 non
875 3646 979 3727 implet

52 3740 120 3804 tua-3
140 3733 211 3813 quia
223 3733 254 3793 in
278 3752 347 3793 casu
366 3729 540 3810 primariam
554 3739 619 3790 erat
641 3738 660 3768 “
674 3727 820 3789 donare?
840 3748 895 3790 nec
908 3726 979 3791 eti!
