2160 4034
109 120 169 180 33⁸
493 130 680 177 macrinus

107 242 170 304 bris
179 232 340 300 sineullins
349 236 522 318 prejudicio
530 237 656 298 multum
666 238 1045 321 proficuampenenecss-

108 323 224 383 samam.
246 319 311 378 Nec
322 318 430 387 obstat,
441 316 556 381 luorum
567 337 632 378 esse
642 319 854 396 negotiationis
864 323 970 382 linem:
982 327 1045 387 nibil
1067 362 1073 379 .

106 402 185 461 enim
197 399 345 477 prohibet,
358 397 472 456 lucrum
482 397 588 457 referri
597 397 635 457 ad
646 397 734 457 finem
747 398 877 481 aliquem
886 401 1044 466 honestum.

149 480 278 554 Quinam
293 486 363 535 suut
380 476 470 547 tituli,
491 477 529 534 ob
543 495 617 556 quos
630 488 811 538 mercatores
821 491 951 558 possunt
962 488 1046 561 perci·

109 579 182 640 pere
196 558 310 616 lucrum
325 575 363 614 ex
377 555 466 614 rebus
480 555 586 614 iisdem
608 555 797 618 immutatis?

150 638 210 697 111.
230 636 269 696 R.
292 637 339 692 10.
358 635 439 709 Quia
462 644 564 694 emunt
588 634 653 693 illas
676 636 775 713 pretio
798 636 912 698 minori
931 646 957 699 dr
978 640 1046 704 forti

105 716 217 786 infimo,
238 721 264 774 ot
278 715 409 774 vendunt
421 715 529 791 majori
542 714 719 795 quaudoque
732 734 857 774 sourmo.
1041 754 1044 759 ·

146 799 194 854 2⁰.
217 793 304 867 Quia,
319 795 382 852 sive
395 794 455 852 sint
468 803 648 852 mercatores
661 794 691 851 in
706 813 822 871 grosso,
835 807 870 854 ut
880 796 976 869 aiunt,
990 801 1045 862 aire
1071 810 1075 821 '

105 875 243 935 minutim
253 892 366 932 merces
375 892 442 931 snas
452 872 592 942 vendant,
603 874 701 932 varios
716 872 826 932 habent
837 875 946 935 titulos
960 881 1048 956 pretio

107 952 304 1022 aestimabiles,
332 951 435 1031 quales
455 961 524 1010 sunt
547 952 691 1010 iuteresse
713 972 831 1011 suarum
851 957 1048 1032 pecuniarum,

104 1032 237 1112 pericula
250 1033 276 1089 a
287 1050 434 1109 expense,
453 1050 525 1110 quas
539 1027 639 1089 subire
653 1029 762 1090 debent
775 1031 805 1089 in
819 1034 972 1094 mercibus
985 1056 1046 1097 oon·
1076 1013 1080 1053 ε

105 1111 265 1191 gregandis
278 1117 303 1169 n
317 1109 535 1179 conservandis,
555 1107 680 1167 labor&
694 1110 848 1184 industria,
871 1113 982 1192 quibus
995 1136 1047 1176 ser·

106 1190 192 1250 viunt
206 1193 367 1249 ementium
381 1188 545 1247 commodo.
586 1188 665 1248 Vide
681 1188 835 1248 Daelman.

146 1271 201 1331 lv.
223 1271 336 1330 Verum
348 1268 469 1347 quidem
483 1279 538 1336 est,
561 1267 794 1345 negotiationem
815 1287 883 1331 esse
908 1273 1045 1350 periculo·
1077 1302 1079 1313 ι

105 1367 177 1420 sam,
192 1348 262 1427 quia
275 1367 352 1426 saepe
366 1347 480 1425 prabet
493 1347 676 1406 occasionem
689 1346 856 1420 fraudandi,
879 1353 1042 1427 mentiendi,
1076 1385 1077 1391 ι

98 1427 230 1507 jurandi,
244 1433 295 1487 &c
308 1427 361 1486 sed
375 1426 437 1484 hac
449 1436 519 1484 sunt
532 1425 605 1484 vitia
618 1426 755 1496 hominis,
775 1447 836 1487 non
849 1429 936 1501 artis,
960 1433 1003 1493 ait
1019 1434 1041 1495 b
1070 1452 1080 1476 ι·

105 1508 232 1576 ΤΙιοιιι.;
251 1507 330 1566 unde
344 1505 508 1583 negotiatio
529 1524 587 1563 non
602 1515 648 1564 est
670 1506 791 1564 occasio>
808 1511 950 1584 proxima
970 1521 1041 1590 “par
1077 1513 1080 1525 '

104 1586 162 1658 ae,’'
176 1585 229 1647 sed
243 1586 337 1645 solum
352 1604 406 1663 per
419 1584 554 1644 accidens
567 1596 704 1663 respectu
718 1585 897 1663 aliquorum,
905 1589 936 1647 iu
946 1592 1040 1670 quibus
1067 1626 1068 1632 ι

103 1666 237 1735 avaritia,
261 1664 406 1743 cupiditas
428 1664 503 1723 lucri
516 1664 720 1736 immoderata,
747 1676 800 1725 aut
822 1667 930 1726 similis
945 1670 1040 1733 utica
1070 1692 1080 1708 ’-

103 1746 193 1805 animi
208 1746 327 1804 affectio
340 1743 581 1823 praedominatur.

142 1824 337 1898 Quandonam
371 1824 400 1881 in
428 1823 631 1901 negotiatione
658 1825 862 1885 committatur
888 1826 1035 1906 injustitia,
1067 1878 1080 1905 ,

101 1904 289 1982 cognoscitur
302 1923 341 1962 ex
355 1900 562 1973 contractibus,
585 1900 692 1981 quibus
705 1905 879 1983 peragitur:
901 1907 934 1964 hi
947 1919 1035 1969 sumn
1067 1913 1080 1950 ἲ

100 1985 263 2042 consistere
274 1981 371 2040 solent
385 1981 414 2038 in
426 1981 772 2058 emptione-venditione.

137 2062 234 2120 Estne
247 2060 412 2138 negotiatio
425 2058 572 2138 aliquibus
585 2059 758 2138 prohibita?

139 2141 179 2201 V.
200 2141 238 2201 lt
259 2139 456 2207 Affirmative,
466 2139 577 2197 scilicet
589 2139 712 2198 clericis
723 2141 924 2213 &Monachis,
937 2154 971 2203 nt
980 2165 1039 2204 con·

99 2227 158 2278 stat
172 2239 211 2279 ex
225 2220 314 2278 variis
330 2217 506 2289 (lenonibus,
521 2238 596 2298 qnos
611 2218 764 2277 innovarit
779 2220 869 2279 (lonc.
880 2222 967 2282 Trid.
976 2244 1038 2284 sess.

100 2301 148 2357 22.
162 2319 224 2377 cap.
241 2301 267 2356 l.
288 2308 306 2336 ‘⁴
315 2297 353 2356 de
365 2296 617 2357 Reformatione.”

138 2378 269 2437 Nomine
282 2377 461 2436 clericorum
472 2376 596 2435 veniunt
604 2375 694 2454 juxta
707 2376 841 2456 Sylvinm
851 2377 910 2438 non
921 2381 1038 2453 tannim,

98 2458 254 2536 quisacris
279 2455 443 2516 Ordinibus
463 2454 572 2514 initiati
595 2466 683 2525 sunt,
714 2456 767 2514 sed
782 2457 872 2515 etiam
896 2459 1040 2540 simplices

97 2535 283 2605 Beneficiati,
305 2537 331 2593 is
345 2535 440 2613 primi
453 2535 567 2593 tantum
592 2535 716 2594 tonsuris
730 2536 873 2614 insigniti,
900 2539 1040 2600 saltemsi

95 2613 229 2673 habitum
245 2614 485 2673 Ecclesiasticum
499 2625 627 2691 gestant.

136 2692 262 2752 Indubie
272 2693 333 2751 haec
342 2692 503 2771 prohibitio
514 2692 628 2771 obligat
639 2691 693 2752 rub
703 2693 787 2772 graui
797 2693 892 2773 culpa,
907 2699 934 2755 si
945 2698 1040 2776 agitur

93 2769 132 2830 de
145 2773 357 2849 negotiationis
368 2771 570 2850 professione:
592 2772 664 2830 alias
680 2793 733 2850 per
747 2793 837 2832 unum
849 2786 900 2833 ant
915 2776 1037 2837 alterum

93 2860 191 2910 actum
205 2872 263 2910 non
274 2851 413 2910 videntur
421 2853 553 2928 graviter
562 2871 692 2929 peccare,
703 2851 793 2911 modd
805 2854 972 2930 negotiatio
983 2878 1037 2917 non

93 2930 133 2988 sit
146 2931 282 3009 turpis&
306 2928 383 2988 absit
404 2929 590 2998 scandalum;
612 2931 681 3008 qnia
707 2932 900 3009 “negotiari”
922 2935 1038 2996 videtur

94 3027 200 3068 sonare
214 3008 346 3068 habitum
362 3028 413 3067 seu
427 3009 635 3086 frequentiam.

132 3088 184 3146 An
194 3087 306 3146 licitum
319 3098 364 3146 est
371 3088 493 3146 clericis
505 3088 551 3147 vel
563 3088 719 3147 Monacbis
728 3089 875 3168 negotiari
883 3110 940 3169 per
948 3093 1037 3156 alios?

132 3167 189 3229 VI.
211 3168 248 3225 R.
262 3167 294 3225 N
295 3167 431 3243 egativd3
450 3167 580 3226 militant
594 3168 671 3225 enim
686 3169 796 3227 eaedem
808 3169 950 3244 rationes,
964 3172 1037 3246 edm,

109 3247 170 3305 uod
184 3247 249 3325 quis
263 3245 419 3324 paralium
432 3246 513 3317 iacit,
541 3265 595 3325 per
609 3248 739 3324 seipsum
751 3249 850 3308 facere
872 3263 1034 3312 censeatur.

89 3268 208 3385 beinde
223 3323 404 3384 Benedictus
419 3325 510 3386 XIV.
524 3344 640 3384 omnem
655 3329 888 3386 controversiam
904 3333 1031 3403 sustulit,
1076 3376 1077 3380 ,

90 3403 160 3463 dum
175 3404 283 3463 litteris
294 3404 355 3461 suis
376 3404 560 3481 Apostolicis
574 3404 652 3464 datis
664 3407 703 3462 25
718 3405 873 3465 Februarii
885 3411 972 3469 1741.
986 3413 1033 3471 de·
1076 3448 1080 3463 ι

29 3477 34 3497 “
89 3484 221 3550 claravit,
246 3483 355 3541 nullam
363 3485 608 3560 negotiationem,
622 3484 694 3542 aliis
707 3485 830 3544 clericis
841 3488 1032 3564 prohibitam,

87 3582 175 3641 posse
185 3563 222 3621 ab
237 3563 342 3622 iisdem
356 3563 409 3621 sub
423 3562 511 3620 alieni
521 3563 648 3621 nominis
658 3562 803 3624 velamine
811 3569 956 3640 exerceri,
971 3590 1032 3628 eos-

88 3660 150 3720 que
160 3641 263 3702 iisdem
278 3643 374 3721 poenis
385 3641 530 3701 obnoxios
545 3642 625 3712 fecit,
647 3662 713 3723 que
727 3644 745 3703 d
758 3645 849 3705 sacris
864 3647 1035 3708 canonibus

85 3721 257 3803 constitute
271 3733 340 3784 sunt
355 3731 458 3784 eontra
469 3720 601 3782 Clericus
615 3721 826 3801 negotiatores.
