2160 4034
343 186 387 229 nc
406 184 656 231 consenescens.
914 170 974 228 ³29

61 288 104 350 R.
125 290 333 360 Affirmetive3
353 290 379 348 si
399 302 524 372 uterque
539 289 668 350 fideliter
688 287 847 368 procedat:
869 290 973 370 quiesi

49 369 181 446 qualiter
199 370 350 449 ignorent,
368 380 495 447 uterque
516 389 548 429 se
569 367 694 446 exponit
714 368 820 446 equali
840 368 972 446 periculo

49 449 134 521 rmni,
149 458 182 511 et
193 449 360 512 voluntarie
374 449 417 508 sic
429 448 641 518 contrahendo,
656 447 736 507 cedit
745 449 809 525 juri
823 467 886 508 suo.

49 683 86 744 N.
106 687 157 744 29.
197 685 258 746 DE
279 685 445 746 TITULO
472 683 758 746 ANTIOiPATAE
779 684 872 745 AUT
892 685 954 746 DI·

283 763 414 824 LATAE
437 755 716 825 SOLUTIONIS.

49 889 524 1002 romummoopautmm.
564 920 607 982 11.
624 921 974 1002 stcmmfimpou

63 1078 314 1152 CONTINGIT
328 1100 416 1158 saepe,
436 1098 501 1139 rem
518 1079 633 1141 crediti
650 1078 749 1150 vendi,
769 1089 801 1139 et
814 1089 975 1158 propterea

49 1157 100 1216 clvi
122 1159 254 1236 pretium
277 1177 433 1228 summum,
458 1157 525 1219 cum
545 1159 649 1238 parati
663 1159 788 1236 pecuniis
800 1159 886 1219 facilc
903 1179 974 1220 ven·

49 1248 148 1297 cretur
160 1238 258 1317 pretio
272 1237 371 1297 medio
382 1249 434 1297 eut
445 1238 562 1299 infimo:
583 1236 721 1297 similiter
730 1236 769 1297 ob
783 1238 975 1317 anticipatum

49 1314 206 1379 ulntionem
216 1336 280 1376 rom
295 1317 353 1379 emi
366 1318 464 1396 pretio
479 1318 589 1389 infimo,
604 1337 668 1395 qum
682 1317 812 1396 alioquin
831 1317 975 1378 vendere·

49 1415 69 1453 ι·
99 1396 200 1461 medio
226 1395 275 1463 ‚rei
301 1416 434 1467 summm
454 1396 516 1457 hec
539 1397 700 1457 secundum
723 1415 756 1456 se
779 1395 891 1475 injusta
913 1415 975 1458 nou

49 1483 109 1544 .nt;
130 1476 183 1535 sod
198 1473 359 1554 qnaeritur:

56 1553 124 1624 An,
145 1553 217 1613 dum
236 1575 285 1614 res
299 1554 412 1614 crediti>
428 1554 576 1625 venditur,
596 1554 711 1615 licitum
732 1553 772 1613 sit
792 1554 830 1613 ob
851 1555 977 1616 dilutum

49 1631 202 1700 intiunom
217 1653 328 1712 augere
348 1633 476 1712 pretinm
497 1653 587 1712 snpra
605 1653 752 1695 summum
766 1632 906 1711 vulgare3
925 1634 975 1693 vel

49 1732 57 1769 ι
73 1712 268 1791 anticipatum
281 1712 459 1773 solutionem
472 1712 587 1774 licitum
600 1714 640 1773 sit
650 1731 714 1773 rem
723 1731 824 1773 emere
837 1712 916 1773 infru
929 1715 975 1772 in·

49 1811 126 1850 num
141 1793 271 1869 pretium
284 1791 431 1871 vulgare?

63 1871 112 1933 11.
131 1871 170 1931 R„
192 1871 228 1937 ld
241 1891 296 1950 per
309 1891 342 1930 so
355 1871 490 1933 illicitum
505 1881 562 1942 est,
585 1882 620 1934 ut
632 1871 720 1932 docet
735 1871 766 1931 S.
780 1869 887 1931 Thom.
902 1873 930 1931 2.
944 1873 973 1929 2.

49 1961 130 2015 uaest.
144 1953 192 2010 78.
206 1961 262 2010 nrt.
277 1953 305 2009 2.
319 1949 357 2010 ad
372 1953 399 2011 7.
439 1950 503 2011 “Si
523 1950 629 2031 uliquis
646 1949 830 2011 veliternus
844 1949 973 2010 vendere

53 2046 106 2088 res
120 2049 197 2101 suus,
219 2031 308 2108 quim
325 2030 364 2089 nit
372 2029 489 2107 justum
502 2033 643 2110 pretium,
664 2039 698 2089 nt
720 2029 758 2088 de
775 2030 902 2107 pecunia
914 2031 974 2091 sol·

55 2109 158 2170 vende
180 2120 346 2187 emptorem
370 2119 520 2188 expectet,
542 2109 699 2172 manifeste
713 2128 805 2167 usura
817 2109 976 2170 committi·

57 2198 128 2257 tnr;
147 2189 217 2269 quin
238 2187 409 2267 hujusmodi
431 2191 599 2268 expectatio
618 2187 709 2269 pretii
727 2187 863 2248 solvendi
885 2187 976 2247 habet

58 2269 208 2326 rationem
230 2269 343 2328 mutuis
364 2269 444 2329 unde
457 2268 601 2350 quidquid
619 2268 700 2328 ultre
714 2266 831 2345 justum
844 2268 976 2347 pretium

57 2366 115 2426 pro
129 2345 300 2429 hujusmodi
314 2349 522 2427 expectatione
532 2348 673 2426 exigitur,
687 2358 735 2407 est
747 2345 831 2428 quasi
846 2345 976 2425 pretium

58 2427 165 2498 mutui,
192 2426 272 2508 quod
296 2427 428 2506 pertinet
449 2427 488 2489 ud
514 2428 660 2488 rationem
682 2446 789 2488 usnrm.
831 2425 976 2487 Similiter

59 2505 150 2571 etium
164 2505 190 2565 si
204 2507 270 2585 quis
284 2518 402 2584 emptor
416 2507 489 2569 velit
508 2527 573 2567 rem
596 2525 696 2569 emere
709 2506 807 2577 tilius,
832 2505 921 2583 quim
935 2504 976 2564 sit

51 2585 179 2662 justum,
201 2605 237 2644 eo
252 2585 335 2664 quod
348 2584 504 2664 pecuniam
517 2585 699 2657 unte-solvit,
724 2586 814 2664 quim
836 2583 931 2662 possit
945 2583 975 2642 ei

55 2683 105 2725 res
119 2664 208 2734 tradi,
232 2675 278 2723 est
292 2675 444 2742 peccatum
458 2685 574 2734 nsnrtur
595 2665 666 2744 quie
685 2665 776 2725 etium
799 2663 856 2723 iste
869 2663 973 2721 entici-

56 2742 140 2822 patio
162 2744 318 2804 solutionis
339 2744 471 2823 pecuniae
494 2745 584 2811 habet
596 2744 693 2803 mutui
712 2743 869 2812 rationem,
890 2741 974 2820 cujus

55 2821 206 2903 quoddam
220 2824 350 2901 pretium
362 2833 419 2896 est,
440 2823 520 2904 quod
534 2822 710 2885 diminuitur
722 2821 760 2882 de
775 2825 861 2899 justo
875 2821 975 2899 pretio

57 2902 103 2961 rei
117 2921 163 2961 em
187 2903 250 2960 tae.'’

59 2980 99 3041 In
111 2922 367 3043 coniirmetionem
382 2982 470 3060 hujus
484 2980 625 3041 doctrinm
640 2978 710 3040 ride
724 2981 816 3040 etium
837 2980 973 3060 proposi·

48 3079 139 3121 onem
153 3062 202 3119 41.
216 3060 384 3121 damnatum
398 3061 435 3121 ab
452 3059 627 3121 Innocentio
643 3058 703 3119 XI.

62 3139 188 3198 Dictum
213 3150 268 3210 est,
283 3139 344 3198 “id
365 3160 418 3218 per
432 3159 464 3198 se
485 3138 622 3199 illicitum
637 3137 735 3208 esse;”
754 3138 864 3217 quiesi
878 3157 917 3197 ex
931 3135 974 3196 di-

49 3229 83 3277 te
96 3217 145 3276 vel
159 3219 321 3297 anticipata
331 3219 478 3279 solutione
489 3218 604 3280 orietur
614 3237 716 3277 verum
729 3216 868 3276 damnum
879 3234 974 3275 emer·

49 3316 107 3368 ens,
135 3295 250 3357 lucrum
276 3318 403 3369 cessans,
435 3297 482 3358 vel
510 3295 674 3375 pericnlum
704 3295 975 3356 extraordinarium

51 3377 131 3437 ercis
143 3386 197 3436 eut
210 3378 340 3456 pretium
360 3377 526 3447 amittendi,
551 3375 601 3434 vol
623 3375 766 3435 molestius
783 3375 881 3452 pretio
895 3372 973 3432 uesti-

49 3455 149 3516 mbiles
171 3456 331 3516 subeunde
354 3456 454 3515 forent
478 3476 517 3515 ex
540 3453 754 3515 tulidilutione
768 3451 975 3533 autenticipu·

49 3554 118 3607 one,
142 3546 206 3596 tum
221 3545 323 3614 posset
337 3534 423 3613 justo
437 3535 526 3595 titulo
540 3554 589 3595 res
609 3533 699 3595 vendi
720 3552 809 3612 supro
829 3550 976 3593 summum

49 3613 70 3675 ei
86 3615 147 3677 emi
161 3614 240 3679 inim
253 3613 388 3677 infimum
401 3616 541 3697 pretium.

909 3746 1012 3792 A
