2160 4034
313 177 358 219 ua
375 176 458 220 tuas
475 176 519 219 ur
536 174 691 221 susumus.
928 156 985 215 att

53 357 96 418 u.
116 360 183 418 ua
223 322 285 419 nu
306 360 417 434 Quin
438 358 690 428 naussum,
722 356 801 431 om
823 326 965 421 vuani-

109 458 211 521 uuu
230 459 278 521 m
298 458 386 521 vnn
405 458 590 520 manos
610 454 925 517 nmnoanvma

49 617 61 674 ’.
86 596 361 694 oaayaoaffl
380 619 412 674 vs
431 615 762 695 vaframmnpa
803 612 845 672 11.
869 615 988 689 oms

273 694 597 775 ateaaeqaaoemmods
615 694 750 771 nupserit.
943 699 947 709 “

76 852 337 914 PRAENOTAN
340 853 448 924 DUM,
471 853 531 910 vim
544 851 593 911 hio
614 850 778 912 considersi
791 870 878 929 posse
892 852 988 933 dupli-

49 950 115 1003 κω,
142 932 348 1011 “physimm,”
368 951 420 992 seu
444 950 544 991 veram
569 942 600 991 at
622 931 731 990 realem
746 929 926 1003 violentiam,
953 942 985 992 st

50 1010 240 1081 ‘morulam'
254 1032 317 1092 qua
333 1011 470 1082 infertur,
479 1010 549 1069 dum
561 1011 646 1090 virgo
654 1009 692 1069 ad
705 1010 840 1088 eopulam
854 1010 986 1090 adigitur

49 1098 128 1162 natu,
141 1110 171 1149 v.
181 1110 211 1168 g.
224 1101 304 1150 metu
319 1092 424 1150 mortis
437 1089 585 1149 ueletiam
594 1089 678 1168 gravi
691 1100 773 1148 metu
784 1090 984 1164 reverentiali,
1007 1104 1010 1113 ¹

49 1180 75 1228 nt
86 1170 111 1227 si
131 1180 289 1248 corruptor
308 1170 348 1228 sit
361 1168 497 1248 superior
510 1170 558 1228 rei
578 1171 625 1228 vir
638 1188 753 1247 magum
775 1169 984 1230 authoritatist

49 1251 110 1309 item
122 1249 302 1328 importunis
312 1250 338 1307 8ι
349 1247 573 1309 vehementibus
583 1246 837 1319 solioitationibus,
851 1248 983 1328 amplex-

49 1324 105 1387 ibus
122 1327 306 1388 similibusve
326 1327 463 1406 turpibus
477 1328 600 1400 antibus,
624 1328 730 1406 quibus
744 1326 874 1387 excitata
885 1327 985 1406 puella

49 1417 109 1467 anto
122 1408 226 1477 invita,
240 1407 359 1468 tandem
375 1408 532 1466 consentit.

79 1486 174 1546 Aliud
195 1496 241 1545 est
262 1486 300 1545 de
321 1486 481 1556 blanditiis,
501 1485 638 1564 preoibus
656 1491 682 1545 a
696 1484 838 1544 similibus
849 1486 984 1547 adhiberi

49 1565 152 1625 solitis:
166 1565 327 1624 talesenim
339 1565 496 1625 ordinariae
506 1565 718 1624 solicitationes
731 1565 881 1625 rarissime
895 1565 986 1660 saqui-

49 1643 139 1705 auant
151 1645 182 1703 vi
197 1646 245 1702 vel
258 1645 337 1714 dolo,
351 1655 385 1704 ut
395 1665 461 1705 oum
469 1645 534 1703 aliis
546 1654 630 1703 notat
639 1645 687 1703 De
699 1644 790 1724 Cooq,
801 1664 867 1703 eum
875 1645 1000 1704 femina

49 1723 138 1863 imilsp,l
160 1724 304 1803 oonoeptt
325 1725 372 1784 iri
398 1733 430 1786 et
455 1724 625 1803 asperitate,
652 1723 863 1783 inlicitatorem
889 1723 986 1803 possit

139 1822 200 1863 ere.

140 1882 245 1960 Itaque
260 1884 311 1961 qui
321 1882 359 1952 vi,
367 1881 481 1952 fraude,
495 1881 543 1940 rel
553 1881 729 1959 grarimetu
739 1880 885 1959 virginem
895 1880 986 1942 dailo·

51 1962 127 2033 ravit,
154 1973 263 2040 praeter
283 1971 436 2040 peecatum
459 1960 672 2030 fornicationis,
700 1960 789 2019 etiam
812 1961 987 2039 gravissimi

50 2050 142 2119 pateat
155 2050 257 2099 eontra
271 2040 420 2118 justitiam
434 2041 464 2098 in
483 2041 576 2118 ipsam
590 2040 747 2117 virginem,
767 2039 851 2117 enjus
863 2040 987 2119 virgini·

50 2129 130 2179 tatem
140 2120 251 2198 injusta
260 2120 374 2188 aufert;
388 2119 467 2201 quod
477 2118 524 2177 hia
532 2119 661 2196 practice
672 2128 754 2178 oerto
762 2118 877 2178 attendi
888 2118 987 2180 debet.

50 2198 262 2271 Consideranda
285 2198 333 2257 hio
356 2199 446 2257 etiam
460 2208 506 2258 est
519 2197 628 2277 injuria
641 2196 814 2276 parentibus
828 2199 854 2256 8t
867 2197 986 2260 familias

49 2276 131 2348 uitta,
141 2278 232 2354 juxta
241 2277 332 2335 Num.
351 2280 416 2336 142.

78 2355 104 2416 Ι.
126 2356 279 2430 Quantum
290 2356 328 2415 ad
339 2356 544 2435 obligationes,
559 2374 632 2435 quas
642 2364 794 2434 stuprator
802 2356 949 2417 contrahit
958 2379 980 2417 :-

78 2438 127 2494 10.
148 2437 283 2496 Tenetur
293 2455 431 2513 reparare
442 2436 541 2495 omnia
550 2435 657 2494 dimna
670 2441 695 2494 &
709 2435 786 2494 maia
796 2444 905 2508 secuta,
919 2452 986 2497 oum

49 2512 157 2574 liorum
173 2515 302 2573 omniurn
319 2516 358 2573 sit
370 2516 478 2575 vera&
491 2515 602 2593 injusta
615 2534 711 2573 causo.

75 2596 127 2654 20.
141 2594 276 2655 Tenetur
285 2594 373 2653 etiam
383 2594 420 2653 ad
430 2594 567 2653 damnum
575 2593 796 2673 personalem
805 2591 983 2654 ablationem

49 2672 987 2831 iit*'tit‘isti'ittii‘ittitittsst:itittgtmtit

274 2795 283 2825 7

49 2830 134 2892 Num.
154 2834 220 2890 138.

76 2913 126 2970 8⁰.
148 2911 284 2970 Tenetur
307 2911 344 2970 ud
359 2931 519 2990 congruam
541 2910 772 2971 satisfactionem
793 2909 985 2972 honorarium

49 3008 103 3050 nm
116 2990 298 3068 parentibus,
311 3011 397 3070 quam
411 2991 531 3068 virgini,
546 2993 637 3049 veniae
650 2990 804 3084 petitione,
819 2994 869 3050 &u

77 3071 108 3129 ὁ.
131 3069 164 3129 si
179 3068 285 3128 damna
296 3071 427 3148 reparari
437 3079 595 3148 nequeant,
606 3069 663 3128 nisi
674 3088 844 3147 oppressum
853 3068 987 3130 ducendo

49 3149 73 3207 iu
97 3167 233 3220 uxorem,
259 3159 410 3226 stuprator
431 3169 496 3207 eam
520 3148 628 3207 ducere
651 3159 779 3218 tonatur,
809 3149 899 3207 etiam
920 3159 989 3209 ants

49 3229 223 3287 sententiam
251 3229 386 3297 Judiais3
406 3227 529 3308 quodsi
552 3227 603 3285 illa
623 3227 843 3286 matrimonium
864 3238 987 3297 recuset,

49 3307 181 3386 squidem
195 3317 347 3385 stuprator
361 3309 460 3366 omnia
473 3307 588 3378 damna,
597 3306 771 3384 inquantum
782 3303 922 3384 possibile
932 3314 987 3376 est,

49 3404 235 3466 mmpsnsare
250 3395 377 3445 tenetur.

79 3467 109 3524 5.
132 3465 165 3524 si
179 3476 320 3543 corrupta
333 3464 420 3524 alteri
433 3463 534 3533 nubat,
559 3464 611 3542 qui
624 3483 689 3523 eam
713 3471 837 3543 propter
850 3460 988 3521 amissam

49 3543 246 3621 uirginitatem
271 3544 347 3603 male
367 3554 484 3614 tractat,
508 3543 643 3615 dimittit,
671 3546 722 3601 &u
746 3541 854 3600 iterum
868 3549 988 3602 tenear
1031 3574 1039 3635 p

49 3633 202 3763 norrdaptor
214 3622 266 3685 illa
278 3622 355 3684 mala
368 3622 511 3685 &damus
519 3640 711 3701 compensare
720 3620 758 3681 sd
766 3614 994 3681 arbiniumvirt

49 3720 99 3779 pru
119 3701 208 3763 enus.

1027 3788 1039 3873 i
