<?xml version="1.0" encoding="UTF-8"?>
<!DOCTYPE html PUBLIC "-//W3C//DTD XHTML 1.0 Transitional//EN"
    "http://www.w3.org/TR/xhtml1/DTD/xhtml1-transitional.dtd">
<html xmlns="http://www.w3.org/1999/xhtml" xml:lang="en" lang="en">
 <head>
  <title>
</title>
<meta http-equiv="Content-Type" content="text/html;charset=utf-8" />
  <meta name='ocr-system' content='tesseract 3.04.00' />
  <meta name='ocr-capabilities' content='ocr_page ocr_carea ocr_par ocr_line ocrx_word'/>
</head>
<body>
  <div class='ocr_page' id='page_1' title='image "./theologiamorali01densgoog_0339.png"; bbox 0 0 2160 4034; ppageno 0'>
   <div class='ocr_carea' id='block_1_1' title="bbox 92 119 667 179">
    <p class='ocr_par' dir='ltr' id='par_1_1' title="bbox 92 119 667 179">
     <span class='ocr_line' id='line_1_1' title="bbox 92 119 667 179; baseline -0.002 0"><span class='ocrx_word' id='word_1_1' title='bbox 92 119 152 179; x_wconf 76' lang='lat'><strong>828</strong></span> <span class='ocrx_word' id='word_1_2' title='bbox 480 130 667 179; x_wconf 74' lang='lat' dir='ltr'><strong>macanos</strong></span> 
     </span>
    </p>
   </div>
   <div class='ocr_carea' id='block_1_2' title="bbox 87 236 1080 3731">
    <p class='ocr_par' dir='ltr' id='par_1_2' title="bbox 90 236 1075 638">
     <span class='ocr_line' id='line_1_2' title="bbox 90 236 1027 317; baseline 0 -18"><span class='ocrx_word' id='word_1_3' title='bbox 90 238 176 299; x_wconf 80' lang='lat' dir='ltr'><strong>valor</strong></span> <span class='ocrx_word' id='word_1_4' title='bbox 189 255 241 298; x_wconf 85' lang='grc' dir='ltr'><strong>ιιι</strong></span> <span class='ocrx_word' id='word_1_5' title='bbox 255 236 385 317; x_wconf 83' lang='lat' dir='ltr'><strong>pretium</strong></span> <span class='ocrx_word' id='word_1_6' title='bbox 398 256 499 298; x_wconf 82' lang='lat' dir='ltr'><strong>rerum</strong></span> <span class='ocrx_word' id='word_1_7' title='bbox 512 238 661 316; x_wconf 88' lang='lat' dir='ltr'><strong>venalium</strong></span> <span class='ocrx_word' id='word_1_8' title='bbox 675 237 817 299; x_wconf 77' lang='grc' dir='ltr'><strong>ιιιὶιιιιὶ</strong></span> <span class='ocrx_word' id='word_1_9' title='bbox 830 237 924 298; x_wconf 82' lang='lat' dir='ltr'><strong>debet</strong></span> <span class='ocrx_word' id='word_1_10' title='bbox 935 256 973 298; x_wconf 84' lang='lat' dir='ltr'><strong>ex</strong></span> <span class='ocrx_word' id='word_1_11' title='bbox 982 240 1027 299; x_wconf 78' lang='lat' dir='ltr'><strong>nti·</strong></span> 
     </span>
     <span class='ocr_line' id='line_1_3' title="bbox 90 318 1063 389; baseline -0.001 -10"><span class='ocrx_word' id='word_1_12' title='bbox 90 318 177 379; x_wconf 83' lang='lat' dir='ltr'><strong>litate</strong></span> <span class='ocrx_word' id='word_1_13' title='bbox 191 337 225 377; x_wconf 90' lang='lat' dir='ltr'><strong>ac</strong></span> <span class='ocrx_word' id='word_1_14' title='bbox 238 318 416 376; x_wconf 81' lang='lat' dir='ltr'><strong>necessitate</strong></span> <span class='ocrx_word' id='word_1_15' title='bbox 430 318 588 389; x_wconf 86' lang='lat' dir='ltr'><strong>communi,</strong></span> <span class='ocrx_word' id='word_1_16' title='bbox 602 338 662 377; x_wconf 89' lang='lat' dir='ltr'><strong>uon</strong></span> <span class='ocrx_word' id='word_1_17' title='bbox 676 338 715 379; x_wconf 85' lang='lat' dir='ltr'><strong>ex</strong></span> <span class='ocrx_word' id='word_1_18' title='bbox 727 318 909 378; x_wconf 78' lang='lat' dir='ltr'><strong>necessitate</strong></span> <span class='ocrx_word' id='word_1_19' title='bbox 922 327 973 377; x_wconf 87' lang='grc' dir='ltr'><strong>ιιι</strong></span> <span class='ocrx_word' id='word_1_20' title='bbox 982 321 1028 378; x_wconf 75' lang='lat' dir='ltr'><strong>nat</strong></span> <span class='ocrx_word' id='word_1_21' title='bbox 1061 346 1063 349; x_wconf 53' lang='grc'>’</span> 
     </span>
     <span class='ocr_line' id='line_1_4' title="bbox 91 396 1030 476; baseline 0.003 -20"><span class='ocrx_word' id='word_1_22' title='bbox 91 397 178 457; x_wconf 82' lang='lat' dir='ltr'><strong>litate</strong></span> <span class='ocrx_word' id='word_1_23' title='bbox 200 396 325 475; x_wconf 80' lang='lat' dir='ltr'><strong>alicujus</strong></span> <span class='ocrx_word' id='word_1_24' title='bbox 348 397 469 475; x_wconf 85' lang='lat' dir='ltr'><strong>privati.</strong></span> <span class='ocrx_word' id='word_1_25' title='bbox 498 398 621 457; x_wconf 83' lang='lat' dir='ltr'><strong>Utinam</strong></span> <span class='ocrx_word' id='word_1_26' title='bbox 636 398 698 456; x_wconf 80' lang='lat' dir='ltr'><strong>lac</strong></span> <span class='ocrx_word' id='word_1_27' title='bbox 711 398 856 468; x_wconf 85' lang='lat' dir='ltr'><strong>doctriua,</strong></span> <span class='ocrx_word' id='word_1_28' title='bbox 872 400 1030 476; x_wconf 68' lang='lat' dir='ltr'><strong>quaesta</strong></span> 
     </span>
     <span class='ocr_line' id='line_1_5' title="bbox 91 475 1031 548; baseline -0.002 -10"><span class='ocrx_word' id='word_1_29' title='bbox 91 475 226 546; x_wconf 73' lang='lat' dir='ltr'><strong>Thomas,</strong></span> <span class='ocrx_word' id='word_1_30' title='bbox 241 486 273 534; x_wconf 91' lang='grc' dir='ltr'><strong>ιι</strong></span> <span class='ocrx_word' id='word_1_31' title='bbox 286 476 448 535; x_wconf 85' lang='lat' dir='ltr'><strong>communis</strong></span> <span class='ocrx_word' id='word_1_32' title='bbox 462 485 493 535; x_wconf 90' lang='lat' dir='ltr'><strong>et</strong></span> <span class='ocrx_word' id='word_1_33' title='bbox 503 487 593 548; x_wconf 85' lang='lat' dir='ltr'><strong>certa,</strong></span> <span class='ocrx_word' id='word_1_34' title='bbox 607 477 698 536; x_wconf 88' lang='lat' dir='ltr'><strong>etiam</strong></span> <span class='ocrx_word' id='word_1_35' title='bbox 712 486 792 537; x_wconf 79' lang='lat' dir='ltr'><strong>esset</strong></span> <span class='ocrx_word' id='word_1_36' title='bbox 805 476 1031 537; x_wconf 83' lang='lat' dir='ltr'><strong>commonitoria</strong></span> 
     </span>
     <span class='ocr_line' id='line_1_6' title="bbox 90 556 884 638; baseline 0 -23"><span class='ocrx_word' id='word_1_37' title='bbox 90 556 179 638; x_wconf 84' lang='lat' dir='ltr'><strong>praxi</strong></span> <span class='ocrx_word' id='word_1_38' title='bbox 190 557 328 634; x_wconf 82' lang='lat' dir='ltr'><strong>receptui</strong></span> <span class='ocrx_word' id='word_1_39' title='bbox 875 581 884 588; x_wconf 43' lang='lat'>⁸</span> 
     </span>
    </p>

    <p class='ocr_par' dir='ltr' id='par_1_3' title="bbox 89 632 1036 953">
     <span class='ocr_line' id='line_1_7' title="bbox 131 632 1033 714; baseline -0.001 -19"><span class='ocrx_word' id='word_1_40' title='bbox 131 633 313 712; x_wconf 80' lang='lat' dir='ltr'><strong>Aliquando,</strong></span> <span class='ocrx_word' id='word_1_41' title='bbox 328 633 381 694; x_wconf 89' lang='lat' dir='ltr'><strong>sed</strong></span> <span class='ocrx_word' id='word_1_42' title='bbox 391 632 472 705; x_wconf 83' lang='lat' dir='ltr'><strong>rard,</strong></span> <span class='ocrx_word' id='word_1_43' title='bbox 486 634 600 694; x_wconf 88' lang='lat' dir='ltr'><strong>licitum</strong></span> <span class='ocrx_word' id='word_1_44' title='bbox 610 635 889 714; x_wconf 81' lang='lat' dir='ltr'><strong>essepoteatpluris</strong></span> <span class='ocrx_word' id='word_1_45' title='bbox 904 635 1033 707; x_wconf 84' lang='lat' dir='ltr'><strong>vendere,</strong></span> 
     </span>
     <span class='ocr_line' id='line_1_8' title="bbox 90 713 1033 797; baseline 0 -24"><span class='ocrx_word' id='word_1_46' title='bbox 90 715 118 774; x_wconf 81' lang='lat' dir='ltr'><strong>si</strong></span> <span class='ocrx_word' id='word_1_47' title='bbox 135 733 184 773; x_wconf 83' lang='lat' dir='ltr'><strong>res</strong></span> <span class='ocrx_word' id='word_1_48' title='bbox 199 715 237 773; x_wconf 90' lang='lat' dir='ltr'><strong>sit</strong></span> <span class='ocrx_word' id='word_1_49' title='bbox 251 713 418 792; x_wconf 78' lang='lat' dir='ltr'><strong>specialiter</strong></span> <span class='ocrx_word' id='word_1_50' title='bbox 431 726 518 792; x_wconf 77' lang='lat' dir='ltr'><strong>grata</strong></span> <span class='ocrx_word' id='word_1_51' title='bbox 535 714 593 792; x_wconf 80' lang='lat' dir='ltr'><strong>ipsi</strong></span> <span class='ocrx_word' id='word_1_52' title='bbox 606 715 766 784; x_wconf 87' lang='lat' dir='ltr'><strong>venditori,</strong></span> <span class='ocrx_word' id='word_1_53' title='bbox 790 735 819 773; x_wconf 88' lang='lat' dir='ltr'><strong>v.</strong></span> <span class='ocrx_word' id='word_1_54' title='bbox 833 735 864 793; x_wconf 81' lang='lat' dir='ltr'><strong>g.</strong></span> <span class='ocrx_word' id='word_1_55' title='bbox 883 715 956 797; x_wconf 90' lang='lat' dir='ltr'><strong>quia</strong></span> <span class='ocrx_word' id='word_1_56' title='bbox 968 733 1033 786; x_wconf 86' lang='lat' dir='ltr'><strong>rara,</strong></span> 
     </span>
     <span class='ocr_line' id='line_1_9' title="bbox 89 792 1035 873; baseline 0.001 -20"><span class='ocrx_word' id='word_1_57' title='bbox 89 794 211 873; x_wconf 80' lang='lat' dir='ltr'><strong>antiqua</strong></span> <span class='ocrx_word' id='word_1_58' title='bbox 222 804 274 852; x_wconf 88' lang='grc' dir='ltr'><strong>ιιι</strong></span> <span class='ocrx_word' id='word_1_59' title='bbox 284 794 463 853; x_wconf 87' lang='lat' dir='ltr'><strong>memorialis</strong></span> <span class='ocrx_word' id='word_1_60' title='bbox 473 792 661 872; x_wconf 86' lang='lat' dir='ltr'><strong>amajoribus</strong></span> <span class='ocrx_word' id='word_1_61' title='bbox 670 805 810 872; x_wconf 88' lang='lat' dir='ltr'><strong>accepta;</strong></span> <span class='ocrx_word' id='word_1_62' title='bbox 829 795 903 872; x_wconf 85' lang='lat' dir='ltr'><strong>qnia</strong></span> <span class='ocrx_word' id='word_1_63' title='bbox 913 794 1035 854; x_wconf 85' lang='lat' dir='ltr'><strong>vendens</strong></span> 
     </span>
     <span class='ocr_line' id='line_1_10' title="bbox 91 871 1036 953; baseline 0.001 -22"><span class='ocrx_word' id='word_1_64' title='bbox 91 874 171 949; x_wconf 80' lang='lat' dir='ltr'><strong>subit</strong></span> <span class='ocrx_word' id='word_1_65' title='bbox 192 871 322 953; x_wconf 88' lang='lat' dir='ltr'><strong>aliquam</strong></span> <span class='ocrx_word' id='word_1_66' title='bbox 342 872 508 933; x_wconf 74' lang='lat' dir='ltr'><strong>molestiam</strong></span> <span class='ocrx_word' id='word_1_67' title='bbox 529 873 559 931; x_wconf 89' lang='lat' dir='ltr'><strong>in</strong></span> <span class='ocrx_word' id='word_1_68' title='bbox 578 874 711 932; x_wconf 86' lang='lat' dir='ltr'><strong>carentia</strong></span> <span class='ocrx_word' id='word_1_69' title='bbox 723 875 767 932; x_wconf 88' lang='lat' dir='ltr'><strong>rei</strong></span> <span class='ocrx_word' id='word_1_70' title='bbox 781 893 850 944; x_wconf 88' lang='lat' dir='ltr'><strong>snae,</strong></span> <span class='ocrx_word' id='word_1_71' title='bbox 877 875 996 952; x_wconf 91' lang='lat' dir='ltr'><strong>hocque</strong></span> <span class='ocrx_word' id='word_1_72' title='bbox 1012 875 1036 932; x_wconf 92' lang='lat' dir='ltr'><strong>in</strong></span> 
     </span>
    </p>

    <p class='ocr_par' dir='ltr' id='par_1_4' title="bbox 145 951 1038 1034">
     <span class='ocr_line' id='line_1_11' title="bbox 145 951 1038 1034; baseline 0 -23"><span class='ocrx_word' id='word_1_73' title='bbox 145 953 217 1011; x_wconf 90' lang='lat' dir='ltr'><strong>tiam</strong></span> <span class='ocrx_word' id='word_1_74' title='bbox 231 954 384 1031; x_wconf 85' lang='lat' dir='ltr'><strong>emptoris,</strong></span> <span class='ocrx_word' id='word_1_75' title='bbox 399 952 479 1032; x_wconf 86' lang='lat' dir='ltr'><strong>qnod</strong></span> <span class='ocrx_word' id='word_1_76' title='bbox 488 951 608 1011; x_wconf 86' lang='lat' dir='ltr'><strong>videtur</strong></span> <span class='ocrx_word' id='word_1_77' title='bbox 621 952 789 1034; x_wconf 76' lang='lat' dir='ltr'><strong>aliqualiter</strong></span> <span class='ocrx_word' id='word_1_78' title='bbox 802 952 904 1032; x_wconf 85' lang='lat' dir='ltr'><strong>pretio</strong></span> <span class='ocrx_word' id='word_1_79' title='bbox 919 954 1038 1012; x_wconf 74' lang='lat' dir='ltr'><strong>estima-</strong></span> 
     </span>
    </p>

    <p class='ocr_par' dir='ltr' id='par_1_5' title="bbox 89 1030 1039 1170">
     <span class='ocr_line' id='line_1_12' title="bbox 111 1030 1039 1170; baseline 0.001 -80"><span class='ocrx_word' id='word_1_80' title='bbox 111 1031 160 1170; x_wconf 65' lang='lat' dir='ltr'><strong>ilp,</strong></span> <span class='ocrx_word' id='word_1_81' title='bbox 174 1031 280 1091; x_wconf 82' lang='lat' dir='ltr'><strong>saltem</strong></span> <span class='ocrx_word' id='word_1_82' title='bbox 293 1032 320 1090; x_wconf 85' lang='lat' dir='ltr'><strong>si</strong></span> <span class='ocrx_word' id='word_1_83' title='bbox 332 1031 455 1093; x_wconf 79' lang='lat' dir='ltr'><strong>affectas</strong></span> <span class='ocrx_word' id='word_1_84' title='bbox 465 1030 630 1091; x_wconf 78' lang='lat' dir='ltr'><strong>venditoris</strong></span> <span class='ocrx_word' id='word_1_85' title='bbox 644 1052 788 1110; x_wconf 79' lang='lat' dir='ltr'><strong>ergarem</strong></span> <span class='ocrx_word' id='word_1_86' title='bbox 803 1031 887 1092; x_wconf 86' lang='lat' dir='ltr'><strong>illam</strong></span> <span class='ocrx_word' id='word_1_87' title='bbox 902 1033 943 1091; x_wconf 85' lang='lat' dir='ltr'><strong>sit</strong></span> <span class='ocrx_word' id='word_1_88' title='bbox 957 1033 1039 1091; x_wconf 79' lang='lat' dir='ltr'><strong>ratio·</strong></span> 
     </span>
     <span class='ocr_line' id='line_1_13' title="bbox 89 1111 905 1170; baseline 0 0"><span class='ocrx_word' id='word_1_89' title='bbox 89 1131 130 1170; x_wconf 91' lang='grc' dir='ltr'><strong>ιιι</strong></span> <span class='ocrx_word' id='word_1_90' title='bbox 149 1111 207 1170; x_wconf 91' lang='lat' dir='ltr'><strong>ilis.</strong></span> <span class='ocrx_word' id='word_1_91' title='bbox 902 1144 905 1151; x_wconf 88' lang='lat'>·</span> 
     </span>
    </p>

    <p class='ocr_par' dir='ltr' id='par_1_6' title="bbox 88 1189 1080 1410">
     <span class='ocr_line' id='line_1_14' title="bbox 129 1189 1079 1269; baseline -0.003 -18"><span class='ocrx_word' id='word_1_92' title='bbox 129 1191 180 1251; x_wconf 90' lang='lat' dir='ltr'><strong>An</strong></span> <span class='ocrx_word' id='word_1_93' title='bbox 190 1191 292 1269; x_wconf 83' lang='lat' dir='ltr'><strong>justus</strong></span> <span class='ocrx_word' id='word_1_94' title='bbox 304 1189 409 1249; x_wconf 82' lang='lat' dir='ltr'><strong>titulus</strong></span> <span class='ocrx_word' id='word_1_95' title='bbox 421 1200 469 1248; x_wconf 87' lang='lat' dir='ltr'><strong>est</strong></span> <span class='ocrx_word' id='word_1_96' title='bbox 480 1190 605 1249; x_wconf 83' lang='lat' dir='ltr'><strong>minoris</strong></span> <span class='ocrx_word' id='word_1_97' title='bbox 619 1189 746 1261; x_wconf 88' lang='lat' dir='ltr'><strong>emendi,</strong></span> <span class='ocrx_word' id='word_1_98' title='bbox 760 1190 830 1250; x_wconf 90' lang='lat' dir='ltr'><strong>ideo</strong></span> <span class='ocrx_word' id='word_1_99' title='bbox 866 1190 928 1250; x_wconf 80' lang='lat' dir='ltr'><strong>nod</strong></span> <span class='ocrx_word' id='word_1_100' title='bbox 942 1189 1037 1249; x_wconf 88' lang='lat' dir='ltr'><strong>vendi·</strong></span> <span class='ocrx_word' id='word_1_101' title='bbox 1075 1217 1079 1229; x_wconf 48' lang='grc' dir='ltr'><strong>ι</strong></span> 
     </span>
     <span class='ocr_line' id='line_1_15' title="bbox 88 1269 1080 1349; baseline -0.001 -19"><span class='ocrx_word' id='word_1_102' title='bbox 88 1278 139 1331; x_wconf 84' lang='grc' dir='ltr'><strong>ιιι</strong></span> <span class='ocrx_word' id='word_1_103' title='bbox 151 1271 329 1330; x_wconf 82' lang='grc' dir='ltr'><strong>ιιιιιιὶιιιι</strong></span> <span class='ocrx_word' id='word_1_104' title='bbox 341 1288 471 1349; x_wconf 82' lang='lat' dir='ltr'><strong>pressus,</strong></span> <span class='ocrx_word' id='word_1_105' title='bbox 491 1289 554 1329; x_wconf 84' lang='lat' dir='ltr'><strong>rem</strong></span> <span class='ocrx_word' id='word_1_106' title='bbox 568 1269 700 1329; x_wconf 85' lang='lat' dir='ltr'><strong>vendere</strong></span> <span class='ocrx_word' id='word_1_107' title='bbox 713 1269 762 1329; x_wconf 89' lang='lat' dir='ltr'><strong>vel</strong></span> <span class='ocrx_word' id='word_1_108' title='bbox 774 1289 831 1330; x_wconf 86' lang='lat' dir='ltr'><strong>ven</strong></span> <span class='ocrx_word' id='word_1_109' title='bbox 865 1289 915 1329; x_wconf 91' lang='lat' dir='ltr'><strong>em</strong></span> <span class='ocrx_word' id='word_1_110' title='bbox 934 1270 1038 1329; x_wconf 82' lang='lat' dir='ltr'><strong>offerre</strong></span> <span class='ocrx_word' id='word_1_111' title='bbox 1068 1284 1080 1308; x_wconf 52' lang='lat'><strong>⁴*</strong></span> 
     </span>
     <span class='ocr_line' id='line_1_16' title="bbox 89 1350 1072 1410; baseline 0 0"><span class='ocrx_word' id='word_1_112' title='bbox 89 1369 125 1410; x_wconf 83' lang='lat' dir='ltr'><strong>co</strong></span> <span class='ocrx_word' id='word_1_113' title='bbox 148 1350 230 1410; x_wconf 85' lang='lat' dir='ltr'><strong>itur?</strong></span> <span class='ocrx_word' id='word_1_114' title='bbox 558 1372 561 1378; x_wconf 89' lang='lat'>·</span> <span class='ocrx_word' id='word_1_115' title='bbox 1071 1369 1072 1374; x_wconf 72' lang='grc'>’</span> 
     </span>
    </p>

    <p class='ocr_par' dir='ltr' id='par_1_7' title="bbox 88 1370 1080 1648">
     <span class='ocr_line' id='line_1_17' title="bbox 125 1370 1036 1508; baseline -0.001 -20"><span class='ocrx_word' id='word_1_116' title='bbox 125 1370 194 1488; x_wconf 72' lang='lat' dir='ltr'><strong>lX.</strong></span> <span class='ocrx_word' id='word_1_117' title='bbox 213 1429 252 1488; x_wconf 89' lang='lat' dir='ltr'><strong>R.</strong></span> <span class='ocrx_word' id='word_1_118' title='bbox 272 1428 444 1506; x_wconf 69' lang='lat' dir='ltr'><strong>Negacivcz</strong></span> <span class='ocrx_word' id='word_1_119' title='bbox 465 1447 534 1486; x_wconf 88' lang='lat' dir='ltr'><strong>nam</strong></span> <span class='ocrx_word' id='word_1_120' title='bbox 548 1429 623 1487; x_wconf 87' lang='lat' dir='ltr'><strong>tanti</strong></span> <span class='ocrx_word' id='word_1_121' title='bbox 638 1425 717 1486; x_wconf 87' lang='lat' dir='ltr'><strong>valet</strong></span> <span class='ocrx_word' id='word_1_122' title='bbox 738 1447 794 1508; x_wconf 83' lang='lat' dir='ltr'><strong>per</strong></span> <span class='ocrx_word' id='word_1_123' title='bbox 807 1447 839 1488; x_wconf 84' lang='lat' dir='ltr'><strong>se</strong></span> <span class='ocrx_word' id='word_1_124' title='bbox 860 1448 912 1488; x_wconf 85' lang='lat' dir='ltr'><strong>res</strong></span> <span class='ocrx_word' id='word_1_125' title='bbox 936 1426 1036 1499; x_wconf 74' lang='lat' dir='ltr'><strong>oblata</strong></span> 
     </span>
     <span class='ocr_line' id='line_1_18' title="bbox 90 1507 1080 1589; baseline 0 -22"><span class='ocrx_word' id='word_1_126' title='bbox 90 1507 179 1589; x_wconf 77' lang='lat' dir='ltr'><strong>quim</strong></span> <span class='ocrx_word' id='word_1_127' title='bbox 193 1528 252 1567; x_wconf 90' lang='lat' dir='ltr'><strong>uon</strong></span> <span class='ocrx_word' id='word_1_128' title='bbox 266 1508 375 1582; x_wconf 88' lang='lat' dir='ltr'><strong>oblata,</strong></span> <span class='ocrx_word' id='word_1_129' title='bbox 389 1507 455 1567; x_wconf 80' lang='lat' dir='ltr'><strong>com</strong></span> <span class='ocrx_word' id='word_1_130' title='bbox 466 1507 603 1568; x_wconf 84' lang='lat' dir='ltr'><strong>ultronea</strong></span> <span class='ocrx_word' id='word_1_131' title='bbox 613 1507 723 1568; x_wconf 86' lang='lat' dir='ltr'><strong>oblatio</strong></span> <span class='ocrx_word' id='word_1_132' title='bbox 737 1508 781 1566; x_wconf 92' lang='lat' dir='ltr'><strong>nil</strong></span> <span class='ocrx_word' id='word_1_133' title='bbox 793 1517 893 1567; x_wconf 86' lang='lat' dir='ltr'><strong>mutet</strong></span> <span class='ocrx_word' id='word_1_134' title='bbox 905 1507 1035 1567; x_wconf 82' lang='lat' dir='ltr'><strong>circam·</strong></span> <span class='ocrx_word' id='word_1_135' title='bbox 1068 1536 1080 1547; x_wconf 85' lang='lat'>·</span> 
     </span>
     <span class='ocr_line' id='line_1_19' title="bbox 88 1586 1078 1648; baseline -0.001 -1"><span class='ocrx_word' id='word_1_136' title='bbox 88 1586 183 1647; x_wconf 84' lang='lat' dir='ltr'><strong>larem</strong></span> <span class='ocrx_word' id='word_1_137' title='bbox 197 1588 347 1648; x_wconf 86' lang='lat' dir='ltr'><strong>mercium.</strong></span> <span class='ocrx_word' id='word_1_138' title='bbox 1056 1602 1078 1620; x_wconf 66' lang='lat'><strong>‘&#39;</strong></span> 
     </span>
    </p>

    <p class='ocr_par' dir='ltr' id='par_1_8' title="bbox 89 1665 1032 1806">
     <span class='ocr_line' id='line_1_20' title="bbox 131 1665 1032 1745; baseline 0.001 -20"><span class='ocrx_word' id='word_1_139' title='bbox 131 1667 200 1740; x_wconf 88' lang='lat' dir='ltr'><strong>Quo</strong></span> <span class='ocrx_word' id='word_1_140' title='bbox 215 1686 287 1745; x_wconf 81' lang='lat' dir='ltr'><strong>ergo</strong></span> <span class='ocrx_word' id='word_1_141' title='bbox 301 1685 503 1727; x_wconf 82' lang='lat' dir='ltr'><strong>sensuverum</strong></span> <span class='ocrx_word' id='word_1_142' title='bbox 514 1675 561 1725; x_wconf 87' lang='lat' dir='ltr'><strong>est</strong></span> <span class='ocrx_word' id='word_1_143' title='bbox 571 1684 726 1726; x_wconf 89' lang='lat' dir='ltr'><strong>commune</strong></span> <span class='ocrx_word' id='word_1_144' title='bbox 739 1665 873 1725; x_wconf 74' lang='lat' dir='ltr'><strong>dictumz</strong></span> <span class='ocrx_word' id='word_1_145' title='bbox 892 1673 912 1716; x_wconf 64' lang='grc' dir='ltr'><strong>ι</strong></span> <span class='ocrx_word' id='word_1_146' title='bbox 923 1665 1032 1726; x_wconf 80' lang='lat' dir='ltr'><strong>Merces</strong></span> 
     </span>
     <span class='ocr_line' id='line_1_21' title="bbox 89 1743 920 1806; baseline -0.004 0"><span class='ocrx_word' id='word_1_147' title='bbox 89 1754 109 1784; x_wconf 88' lang='lat'>“</span> <span class='ocrx_word' id='word_1_148' title='bbox 122 1746 202 1806; x_wconf 86' lang='lat' dir='ltr'><strong>ultro</strong></span> <span class='ocrx_word' id='word_1_149' title='bbox 217 1746 322 1806; x_wconf 74' lang='lat' dir='ltr'><strong>oblatae</strong></span> <span class='ocrx_word' id='word_1_150' title='bbox 335 1743 521 1804; x_wconf 82' lang='lat' dir='ltr'><strong>vilescunt?”</strong></span> <span class='ocrx_word' id='word_1_151' title='bbox 917 1766 920 1771; x_wconf 89' lang='lat'>·</span> 
     </span>
    </p>

    <p class='ocr_par' dir='ltr' id='par_1_9' title="bbox 87 1823 1068 2299">
     <span class='ocr_line' id='line_1_22' title="bbox 129 1823 1030 1902; baseline -0.002 -17"><span class='ocrx_word' id='word_1_152' title='bbox 129 1824 170 1885; x_wconf 82' lang='lat' dir='ltr'><strong>R.</strong></span> <span class='ocrx_word' id='word_1_153' title='bbox 191 1826 302 1885; x_wconf 78' lang='lat' dir='ltr'>Sensus</span> <span class='ocrx_word' id='word_1_154' title='bbox 315 1845 375 1884; x_wconf 89' lang='lat' dir='ltr'><strong>non</strong></span> <span class='ocrx_word' id='word_1_155' title='bbox 389 1835 444 1896; x_wconf 84' lang='lat' dir='ltr'><strong>est,</strong></span> <span class='ocrx_word' id='word_1_156' title='bbox 459 1845 510 1884; x_wconf 83' lang='grc' dir='ltr'><strong>ιιι</strong></span> <span class='ocrx_word' id='word_1_157' title='bbox 523 1843 623 1902; x_wconf 78' lang='lat' dir='ltr'><strong>perse</strong></span> <span class='ocrx_word' id='word_1_158' title='bbox 637 1823 788 1897; x_wconf 72' lang='lat' dir='ltr'><strong>vilescere,</strong></span> <span class='ocrx_word' id='word_1_159' title='bbox 808 1834 844 1884; x_wconf 89' lang='lat' dir='ltr'><strong>ut</strong></span> <span class='ocrx_word' id='word_1_160' title='bbox 857 1823 974 1884; x_wconf 86' lang='lat' dir='ltr'><strong>dictum</strong></span> <span class='ocrx_word' id='word_1_161' title='bbox 987 1835 1030 1897; x_wconf 83' lang='lat' dir='ltr'><strong>eat,</strong></span> 
     </span>
     <span class='ocr_line' id='line_1_23' title="bbox 87 1902 1068 1982; baseline -0.003 -17"><span class='ocrx_word' id='word_1_162' title='bbox 87 1903 143 1965; x_wconf 71' lang='lat' dir='ltr'><strong>sed</strong></span> <span class='ocrx_word' id='word_1_163' title='bbox 156 1914 272 1965; x_wconf 85' lang='lat' dir='ltr'><strong>tentum</strong></span> <span class='ocrx_word' id='word_1_164' title='bbox 286 1903 429 1964; x_wconf 77' lang='lat' dir='ltr'><strong>vilescere</strong></span> <span class='ocrx_word' id='word_1_165' title='bbox 441 1923 496 1982; x_wconf 84' lang='lat' dir='ltr'><strong>per</strong></span> <span class='ocrx_word' id='word_1_166' title='bbox 510 1902 654 1962; x_wconf 82' lang='lat' dir='ltr'><strong>accidens.</strong></span> <span class='ocrx_word' id='word_1_167' title='bbox 1057 1919 1068 1939; x_wconf 35' lang='grc' dir='ltr'><strong>τ’</strong></span> 
     </span>
     <span class='ocr_line' id='line_1_24' title="bbox 92 1982 1031 2064; baseline 0.001 -23"><span class='ocrx_word' id='word_1_168' title='bbox 92 2026 95 2031; x_wconf 79' lang='lat'>·</span> <span class='ocrx_word' id='word_1_169' title='bbox 131 1984 178 2042; x_wconf 82' lang='lat'><strong>10.</strong></span> <span class='ocrx_word' id='word_1_170' title='bbox 194 1984 274 2056; x_wconf 88' lang='lat' dir='ltr'><strong>Quia</strong></span> <span class='ocrx_word' id='word_1_171' title='bbox 280 1982 462 2064; x_wconf 63' lang='lat' dir='ltr'><strong>¹quaudoque</strong></span> <span class='ocrx_word' id='word_1_172' title='bbox 475 1983 555 2042; x_wconf 78' lang='lat' dir='ltr'><strong>ultro</strong></span> <span class='ocrx_word' id='word_1_173' title='bbox 562 1983 733 2041; x_wconf 83' lang='lat' dir='ltr'><strong>offeruntur</strong></span> <span class='ocrx_word' id='word_1_174' title='bbox 746 1983 784 2042; x_wconf 87' lang='lat' dir='ltr'><strong>ob</strong></span> <span class='ocrx_word' id='word_1_175' title='bbox 798 1982 982 2061; x_wconf 71' lang='lat' dir='ltr'><strong>paucitatem</strong></span> <span class='ocrx_word' id='word_1_176' title='bbox 991 1993 1031 2042; x_wconf 85' lang='lat' dir='ltr'><strong>aut</strong></span> 
     </span>
     <span class='ocr_line' id='line_1_25' title="bbox 91 2060 1032 2141; baseline 0 -20"><span class='ocrx_word' id='word_1_177' title='bbox 91 2061 239 2121; x_wconf 84' lang='lat' dir='ltr'><strong>defectum</strong></span> <span class='ocrx_word' id='word_1_178' title='bbox 255 2073 431 2141; x_wconf 88' lang='lat' dir='ltr'><strong>emptorum,</strong></span> <span class='ocrx_word' id='word_1_179' title='bbox 447 2063 494 2120; x_wconf 92' lang='lat' dir='ltr'><strong>vel</strong></span> <span class='ocrx_word' id='word_1_180' title='bbox 504 2061 542 2120; x_wconf 93' lang='lat' dir='ltr'><strong>ob</strong></span> <span class='ocrx_word' id='word_1_181' title='bbox 557 2060 767 2120; x_wconf 76' lang='lat' dir='ltr'><strong>abundantiam</strong></span> <span class='ocrx_word' id='word_1_182' title='bbox 780 2065 945 2121; x_wconf 79' lang='lat' dir='ltr'><strong>mercium:</strong></span> <span class='ocrx_word' id='word_1_183' title='bbox 964 2062 1032 2121; x_wconf 83' lang='lat' dir='ltr'><strong>unde</strong></span> 
     </span>
     <span class='ocr_line' id='line_1_26' title="bbox 90 2139 1033 2219; baseline 0 -19"><span class='ocrx_word' id='word_1_184' title='bbox 90 2141 245 2219; x_wconf 80' lang='lat' dir='ltr'><strong>contingit,</strong></span> <span class='ocrx_word' id='word_1_185' title='bbox 260 2151 295 2200; x_wconf 88' lang='grc' dir='ltr'><strong>ιι</strong></span> <span class='ocrx_word' id='word_1_186' title='bbox 308 2161 347 2201; x_wconf 81' lang='lat' dir='ltr'><strong>ex</strong></span> <span class='ocrx_word' id='word_1_187' title='bbox 360 2142 508 2200; x_wconf 86' lang='lat' dir='ltr'><strong>communi</strong></span> <span class='ocrx_word' id='word_1_188' title='bbox 522 2139 673 2200; x_wconf 88' lang='lat' dir='ltr'><strong>hominum</strong></span> <span class='ocrx_word' id='word_1_189' title='bbox 684 2142 883 2201; x_wconf 65' lang='lat' dir='ltr'><strong>estimatione</strong></span> <span class='ocrx_word' id='word_1_190' title='bbox 892 2141 1033 2200; x_wconf 84' lang='lat' dir='ltr'><strong>minuatur</strong></span> 
     </span>
     <span class='ocr_line' id='line_1_27' title="bbox 88 2217 767 2299; baseline 0.003 -21"><span class='ocrx_word' id='word_1_191' title='bbox 88 2221 220 2299; x_wconf 83' lang='lat' dir='ltr'><strong>pretium</strong></span> <span class='ocrx_word' id='word_1_192' title='bbox 235 2217 367 2298; x_wconf 80' lang='lat' dir='ltr'><strong>vulgare.</strong></span> <span class='ocrx_word' id='word_1_193' title='bbox 504 2266 506 2271; x_wconf 78' lang='lat'><em>.</em></span> <span class='ocrx_word' id='word_1_194' title='bbox 764 2246 767 2251; x_wconf 95' lang='lat'>·</span> 
     </span>
    </p>

    <p class='ocr_par' dir='ltr' id='par_1_10' title="bbox 90 2299 1035 2776">
     <span class='ocr_line' id='line_1_28' title="bbox 130 2299 1031 2382; baseline -0.001 -25"><span class='ocrx_word' id='word_1_195' title='bbox 130 2302 177 2358; x_wconf 78' lang='lat'><strong>2⁰.</strong></span> <span class='ocrx_word' id='word_1_196' title='bbox 187 2301 273 2373; x_wconf 85' lang='lat' dir='ltr'><strong>Quia</strong></span> <span class='ocrx_word' id='word_1_197' title='bbox 283 2299 460 2382; x_wconf 76' lang='lat' dir='ltr'><strong>quandoque</strong></span> <span class='ocrx_word' id='word_1_198' title='bbox 471 2319 519 2359; x_wconf 86' lang='lat' dir='ltr'><strong>res</strong></span> <span class='ocrx_word' id='word_1_199' title='bbox 530 2299 580 2358; x_wconf 90' lang='lat' dir='ltr'><strong>illa</strong></span> <span class='ocrx_word' id='word_1_200' title='bbox 590 2318 648 2358; x_wconf 89' lang='lat' dir='ltr'><strong>non</strong></span> <span class='ocrx_word' id='word_1_201' title='bbox 659 2299 736 2359; x_wconf 84' lang='lat' dir='ltr'><strong>tanti</strong></span> <span class='ocrx_word' id='word_1_202' title='bbox 744 2299 824 2359; x_wconf 84' lang='lat' dir='ltr'><strong>valet</strong></span> <span class='ocrx_word' id='word_1_203' title='bbox 834 2299 976 2378; x_wconf 84' lang='lat' dir='ltr'><strong>emptori,</strong></span> <span class='ocrx_word' id='word_1_204' title='bbox 989 2300 1031 2379; x_wconf 88' lang='lat' dir='ltr'><strong>qni</strong></span> 
     </span>
     <span class='ocr_line' id='line_1_29' title="bbox 91 2378 1033 2457; baseline -0.001 -18"><span class='ocrx_word' id='word_1_205' title='bbox 91 2378 130 2439; x_wconf 87' lang='lat' dir='ltr'><strong>ad</strong></span> <span class='ocrx_word' id='word_1_206' title='bbox 144 2380 301 2438; x_wconf 92' lang='lat' dir='ltr'><strong>emendum</strong></span> <span class='ocrx_word' id='word_1_207' title='bbox 316 2378 502 2450; x_wconf 85' lang='lat' dir='ltr'><strong>sollicitatur,</strong></span> <span class='ocrx_word' id='word_1_208' title='bbox 523 2399 552 2436; x_wconf 90' lang='lat' dir='ltr'><strong>v.</strong></span> <span class='ocrx_word' id='word_1_209' title='bbox 566 2398 595 2456; x_wconf 78' lang='lat' dir='ltr'><strong>g.</strong></span> <span class='ocrx_word' id='word_1_210' title='bbox 610 2380 680 2456; x_wconf 89' lang='lat' dir='ltr'><strong>quia</strong></span> <span class='ocrx_word' id='word_1_211' title='bbox 692 2398 741 2438; x_wconf 85' lang='lat' dir='ltr'><strong>res</strong></span> <span class='ocrx_word' id='word_1_212' title='bbox 754 2379 812 2457; x_wconf 89' lang='lat' dir='ltr'><strong>ipsi</strong></span> <span class='ocrx_word' id='word_1_213' title='bbox 832 2396 941 2457; x_wconf 84' lang='lat' dir='ltr'><strong>parum</strong></span> <span class='ocrx_word' id='word_1_214' title='bbox 961 2379 1033 2438; x_wconf 81' lang='lat' dir='ltr'><strong>utilia</strong></span> 
     </span>
     <span class='ocr_line' id='line_1_30' title="bbox 92 2457 1034 2538; baseline -0.003 -19"><span class='ocrx_word' id='word_1_215' title='bbox 92 2468 148 2530; x_wconf 89' lang='lat' dir='ltr'><strong>est,</strong></span> <span class='ocrx_word' id='word_1_216' title='bbox 162 2458 210 2519; x_wconf 90' lang='lat' dir='ltr'><strong>vel</strong></span> <span class='ocrx_word' id='word_1_217' title='bbox 224 2478 262 2518; x_wconf 84' lang='lat' dir='ltr'><strong>ex</strong></span> <span class='ocrx_word' id='word_1_218' title='bbox 277 2459 428 2538; x_wconf 87' lang='lat' dir='ltr'><strong>emptione</strong></span> <span class='ocrx_word' id='word_1_219' title='bbox 441 2458 554 2536; x_wconf 86' lang='lat' dir='ltr'><strong>patitur</strong></span> <span class='ocrx_word' id='word_1_220' title='bbox 570 2459 685 2517; x_wconf 86' lang='lat' dir='ltr'><strong>lucrum</strong></span> <span class='ocrx_word' id='word_1_221' title='bbox 705 2477 822 2518; x_wconf 80' lang='lat' dir='ltr'><strong>cessans</strong></span> <span class='ocrx_word' id='word_1_222' title='bbox 835 2468 888 2516; x_wconf 87' lang='grc' dir='ltr'><strong>ιιι</strong></span> <span class='ocrx_word' id='word_1_223' title='bbox 900 2457 1034 2517; x_wconf 80' lang='lat' dir='ltr'><strong>damnum</strong></span> 
     </span>
     <span class='ocr_line' id='line_1_31' title="bbox 92 2557 895 2599; baseline 0.001 -2"><span class='ocrx_word' id='word_1_224' title='bbox 92 2557 175 2599; x_wconf 89' lang='lat' dir='ltr'><strong>emer</strong></span> <span class='ocrx_word' id='word_1_225' title='bbox 196 2559 258 2599; x_wconf 80' lang='lat' dir='ltr'><strong>eus.</strong></span> <span class='ocrx_word' id='word_1_226' title='bbox 831 2560 834 2567; x_wconf 90' lang='lat'>·</span> <span class='ocrx_word' id='word_1_227' title='bbox 863 2567 865 2570; x_wconf 46' lang='lat'><em>⁴</em></span> <span class='ocrx_word' id='word_1_228' title='bbox 892 2580 895 2584; x_wconf 93' lang='lat'>-</span> 
     </span>
     <span class='ocr_line' id='line_1_32' title="bbox 132 2559 1035 2696; baseline 0.001 -21"><span class='ocrx_word' id='word_1_229' title='bbox 132 2559 195 2677; x_wconf 53' lang='grc' dir='ltr'><strong>3οβ</strong></span> <span class='ocrx_word' id='word_1_230' title='bbox 203 2617 389 2696; x_wconf 87' lang='lat' dir='ltr'><strong>Quandoque</strong></span> <span class='ocrx_word' id='word_1_231' title='bbox 404 2616 442 2677; x_wconf 91' lang='lat' dir='ltr'><strong>ob</strong></span> <span class='ocrx_word' id='word_1_232' title='bbox 456 2615 618 2696; x_wconf 85' lang='lat' dir='ltr'><strong>periculum</strong></span> <span class='ocrx_word' id='word_1_233' title='bbox 634 2616 768 2676; x_wconf 76' lang='lat' dir='ltr'><strong>defectis</strong></span> <span class='ocrx_word' id='word_1_234' title='bbox 781 2615 903 2675; x_wconf 87' lang='lat' dir='ltr'><strong>latentis</strong></span> <span class='ocrx_word' id='word_1_235' title='bbox 914 2625 968 2675; x_wconf 88' lang='lat' dir='ltr'><strong>aut</strong></span> <span class='ocrx_word' id='word_1_236' title='bbox 980 2616 1035 2696; x_wconf 85' lang='lat' dir='ltr'><strong>pal·</strong></span> 
     </span>
     <span class='ocr_line' id='line_1_33' title="bbox 90 2695 476 2776; baseline 0.003 -21"><span class='ocrx_word' id='word_1_237' title='bbox 90 2695 170 2756; x_wconf 82' lang='lat' dir='ltr'><strong>liatae</strong></span> <span class='ocrx_word' id='word_1_238' title='bbox 183 2698 370 2776; x_wconf 70' lang='lat' dir='ltr'><strong>prestantia.</strong></span> <span class='ocrx_word' id='word_1_239' title='bbox 469 2697 476 2715; x_wconf 64' lang='lat'>‘</span> 
     </span>
    </p>

    <p class='ocr_par' dir='ltr' id='par_1_11' title="bbox 91 2774 1037 3013">
     <span class='ocr_line' id='line_1_34' title="bbox 131 2774 1035 2852; baseline -0.003 -17"><span class='ocrx_word' id='word_1_240' title='bbox 131 2779 181 2835; x_wconf 81' lang='lat'><strong>40.</strong></span> <span class='ocrx_word' id='word_1_241' title='bbox 203 2777 283 2850; x_wconf 83' lang='lat' dir='ltr'><strong>Quia</strong></span> <span class='ocrx_word' id='word_1_242' title='bbox 295 2787 365 2835; x_wconf 87' lang='lat' dir='ltr'><strong>tunc</strong></span> <span class='ocrx_word' id='word_1_243' title='bbox 379 2795 491 2835; x_wconf 87' lang='lat' dir='ltr'><strong>merces</strong></span> <span class='ocrx_word' id='word_1_244' title='bbox 505 2775 604 2835; x_wconf 85' lang='lat' dir='ltr'><strong>soleat</strong></span> <span class='ocrx_word' id='word_1_245' title='bbox 617 2775 676 2834; x_wconf 90' lang='lat' dir='ltr'><strong>emi</strong></span> <span class='ocrx_word' id='word_1_246' title='bbox 690 2774 787 2852; x_wconf 89' lang='lat' dir='ltr'><strong>pretio</strong></span> <span class='ocrx_word' id='word_1_247' title='bbox 801 2774 903 2833; x_wconf 85' lang='lat' dir='ltr'><strong>infimo</strong></span> <span class='ocrx_word' id='word_1_248' title='bbox 918 2784 971 2833; x_wconf 92' lang='lat' dir='ltr'><strong>aut</strong></span> <span class='ocrx_word' id='word_1_249' title='bbox 985 2775 1035 2833; x_wconf 87' lang='lat' dir='ltr'><strong>civ·</strong></span> 
     </span>
     <span class='ocr_line' id='line_1_35' title="bbox 93 2855 1037 2935; baseline -0.002 -20"><span class='ocrx_word' id='word_1_250' title='bbox 93 2857 176 2926; x_wconf 85' lang='lat' dir='ltr'><strong>citer,</strong></span> <span class='ocrx_word' id='word_1_251' title='bbox 190 2855 241 2914; x_wconf 90' lang='lat' dir='ltr'><strong>ubi</strong></span> <span class='ocrx_word' id='word_1_252' title='bbox 255 2856 328 2917; x_wconf 76' lang='lat' dir='ltr'><strong>ulida</strong></span> <span class='ocrx_word' id='word_1_253' title='bbox 342 2857 526 2935; x_wconf 84' lang='lat' dir='ltr'><strong>expectando</strong></span> <span class='ocrx_word' id='word_1_254' title='bbox 541 2855 794 2934; x_wconf 84' lang='lat' dir='ltr'><strong>opportunitatem</strong></span> <span class='ocrx_word' id='word_1_255' title='bbox 810 2866 981 2932; x_wconf 84' lang='lat' dir='ltr'><strong>emptorum</strong></span> <span class='ocrx_word' id='word_1_256' title='bbox 995 2873 1037 2913; x_wconf 84' lang='lat' dir='ltr'><strong>se-</strong></span> 
     </span>
     <span class='ocr_line' id='line_1_36' title="bbox 91 2934 855 3013; baseline -0.003 -20"><span class='ocrx_word' id='word_1_257' title='bbox 91 2936 156 2995; x_wconf 86' lang='lat' dir='ltr'><strong>lant</strong></span> <span class='ocrx_word' id='word_1_258' title='bbox 170 2936 258 2994; x_wconf 91' lang='lat' dir='ltr'><strong>vendi</strong></span> <span class='ocrx_word' id='word_1_259' title='bbox 273 2935 369 3012; x_wconf 88' lang='lat' dir='ltr'><strong>pretio</strong></span> <span class='ocrx_word' id='word_1_260' title='bbox 383 2936 482 2995; x_wconf 91' lang='lat' dir='ltr'><strong>medio</strong></span> <span class='ocrx_word' id='word_1_261' title='bbox 496 2946 527 2995; x_wconf 91' lang='lat' dir='ltr'><strong>et</strong></span> <span class='ocrx_word' id='word_1_262' title='bbox 540 2934 718 3013; x_wconf 90' lang='lat' dir='ltr'><strong>quandoque</strong></span> <span class='ocrx_word' id='word_1_263' title='bbox 731 2952 855 2992; x_wconf 85' lang='lat' dir='ltr'><strong>summo.</strong></span> 
     </span>
    </p>

    <p class='ocr_par' dir='ltr' id='par_1_12' title="bbox 92 3011 1039 3243">
     <span class='ocr_line' id='line_1_37' title="bbox 134 3011 1039 3092; baseline -0.001 -19"><span class='ocrx_word' id='word_1_264' title='bbox 134 3015 292 3088; x_wconf 88' lang='lat' dir='ltr'><strong>Quomodo</strong></span> <span class='ocrx_word' id='word_1_265' title='bbox 305 3015 524 3092; x_wconf 85' lang='lat' dir='ltr'><strong>procedendum</strong></span> <span class='ocrx_word' id='word_1_266' title='bbox 536 3016 565 3072; x_wconf 89' lang='lat' dir='ltr'><strong>iu</strong></span> <span class='ocrx_word' id='word_1_267' title='bbox 576 3014 674 3083; x_wconf 87' lang='lat' dir='ltr'><strong>rebus,</strong></span> <span class='ocrx_word' id='word_1_268' title='bbox 689 3032 755 3092; x_wconf 78' lang='lat' dir='ltr'><strong>qum</strong></span> <span class='ocrx_word' id='word_1_269' title='bbox 764 3024 819 3071; x_wconf 83' lang='lat' dir='ltr'><strong>nec</strong></span> <span class='ocrx_word' id='word_1_270' title='bbox 828 3012 960 3090; x_wconf 83' lang='lat' dir='ltr'><strong>pretium</strong></span> <span class='ocrx_word' id='word_1_271' title='bbox 968 3011 1039 3090; x_wconf 78' lang='lat' dir='ltr'><strong>legi·</strong></span> 
     </span>
     <span class='ocr_line' id='line_1_38' title="bbox 92 3093 1039 3173; baseline -0.002 -20"><span class='ocrx_word' id='word_1_272' title='bbox 92 3093 208 3163; x_wconf 87' lang='lat' dir='ltr'><strong>timum,</strong></span> <span class='ocrx_word' id='word_1_273' title='bbox 222 3113 276 3151; x_wconf 88' lang='lat' dir='ltr'><strong>nec</strong></span> <span class='ocrx_word' id='word_1_274' title='bbox 285 3093 407 3171; x_wconf 80' lang='lat' dir='ltr'><strong>vulgare</strong></span> <span class='ocrx_word' id='word_1_275' title='bbox 418 3093 536 3164; x_wconf 85' lang='lat' dir='ltr'><strong>habent,</strong></span> <span class='ocrx_word' id='word_1_276' title='bbox 550 3096 650 3173; x_wconf 82' lang='lat' dir='ltr'><strong>quales</strong></span> <span class='ocrx_word' id='word_1_277' title='bbox 662 3102 731 3151; x_wconf 82' lang='lat' dir='ltr'><strong>aaut</strong></span> <span class='ocrx_word' id='word_1_278' title='bbox 741 3093 864 3171; x_wconf 85' lang='lat' dir='ltr'><strong>picturoe</strong></span> <span class='ocrx_word' id='word_1_279' title='bbox 874 3103 907 3151; x_wconf 88' lang='lat' dir='ltr'><strong>et</strong></span> <span class='ocrx_word' id='word_1_280' title='bbox 916 3111 1039 3171; x_wconf 78' lang='lat' dir='ltr'><strong>gemma</strong></span> 
     </span>
     <span class='ocr_line' id='line_1_39' title="bbox 93 3173 841 3243; baseline -0.003 -10"><span class='ocrx_word' id='word_1_281' title='bbox 93 3173 232 3240; x_wconf 85' lang='lat' dir='ltr'><strong>rariores,</strong></span> <span class='ocrx_word' id='word_1_282' title='bbox 246 3192 333 3230; x_wconf 88' lang='lat' dir='ltr'><strong>canes</strong></span> <span class='ocrx_word' id='word_1_283' title='bbox 346 3174 482 3243; x_wconf 84' lang='lat' dir='ltr'><strong>venatici,</strong></span> <span class='ocrx_word' id='word_1_284' title='bbox 496 3179 548 3232; x_wconf 80' lang='lat' dir='ltr'><strong>&amp;u</strong></span> <span class='ocrx_word' id='word_1_285' title='bbox 838 3174 841 3179; x_wconf 79' lang='grc'><strong>’</strong></span> 
     </span>
    </p>

    <p class='ocr_par' dir='ltr' id='par_1_13' title="bbox 94 3250 1040 3568">
     <span class='ocr_line' id='line_1_40' title="bbox 136 3250 1039 3333; baseline -0.002 -21"><span class='ocrx_word' id='word_1_286' title='bbox 136 3252 178 3312; x_wconf 89' lang='lat' dir='ltr'><strong>X.</strong></span> <span class='ocrx_word' id='word_1_287' title='bbox 199 3252 237 3313; x_wconf 81' lang='lat' dir='ltr'><strong>R.</strong></span> <span class='ocrx_word' id='word_1_288' title='bbox 252 3250 387 3329; x_wconf 58' lang='lat' dir='ltr'><strong>,Sylvius</strong></span> <span class='ocrx_word' id='word_1_289' title='bbox 404 3253 556 3330; x_wconf 80' lang='lat' dir='ltr'><strong>Wiggers‚</strong></span> <span class='ocrx_word' id='word_1_290' title='bbox 578 3252 686 3333; x_wconf 91' lang='lat' dir='ltr'><strong>aliique</strong></span> <span class='ocrx_word' id='word_1_291' title='bbox 706 3251 903 3310; x_wconf 81' lang='lat' dir='ltr'><strong>communiter</strong></span> <span class='ocrx_word' id='word_1_292' title='bbox 923 3250 1039 3322; x_wconf 85' lang='lat' dir='ltr'><strong>docent,</strong></span> 
     </span>
     <span class='ocr_line' id='line_1_41' title="bbox 94 3330 1039 3408; baseline -0.004 -15"><span class='ocrx_word' id='word_1_293' title='bbox 94 3333 126 3392; x_wconf 91' lang='lat' dir='ltr'><strong>in</strong></span> <span class='ocrx_word' id='word_1_294' title='bbox 140 3331 284 3392; x_wconf 89' lang='lat' dir='ltr'><strong>similibus</strong></span> <span class='ocrx_word' id='word_1_295' title='bbox 298 3331 492 3390; x_wconf 86' lang='lat' dir='ltr'><strong>consulendos</strong></span> <span class='ocrx_word' id='word_1_296' title='bbox 512 3351 577 3391; x_wconf 87' lang='lat' dir='ltr'><strong>esse</strong></span> <span class='ocrx_word' id='word_1_297' title='bbox 590 3351 691 3390; x_wconf 82' lang='lat' dir='ltr'><strong>earum</strong></span> <span class='ocrx_word' id='word_1_298' title='bbox 705 3349 806 3389; x_wconf 85' lang='lat' dir='ltr'><strong>rerum</strong></span> <span class='ocrx_word' id='word_1_299' title='bbox 818 3330 943 3408; x_wconf 84' lang='lat' dir='ltr'><strong>peritus,</strong></span> <span class='ocrx_word' id='word_1_300' title='bbox 959 3341 1039 3391; x_wconf 87' lang='lat' dir='ltr'><strong>etex</strong></span> 
     </span>
     <span class='ocr_line' id='line_1_42' title="bbox 95 3409 1039 3491; baseline -0.002 -19"><span class='ocrx_word' id='word_1_301' title='bbox 95 3432 199 3472; x_wconf 88' lang='lat' dir='ltr'><strong>eorum</strong></span> <span class='ocrx_word' id='word_1_302' title='bbox 208 3410 321 3491; x_wconf 92' lang='lat' dir='ltr'><strong>judicio</strong></span> <span class='ocrx_word' id='word_1_303' title='bbox 335 3410 522 3469; x_wconf 87' lang='lat' dir='ltr'><strong>statuendum</strong></span> <span class='ocrx_word' id='word_1_304' title='bbox 538 3430 602 3470; x_wconf 86' lang='lat' dir='ltr'><strong>esse</strong></span> <span class='ocrx_word' id='word_1_305' title='bbox 615 3410 744 3489; x_wconf 84' lang='lat' dir='ltr'><strong>pretium</strong></span> <span class='ocrx_word' id='word_1_306' title='bbox 766 3409 896 3487; x_wconf 79' lang='lat' dir='ltr'><strong>vulgare,</strong></span> <span class='ocrx_word' id='word_1_307' title='bbox 919 3431 980 3491; x_wconf 88' lang='lat' dir='ltr'><strong>quo</strong></span> <span class='ocrx_word' id='word_1_308' title='bbox 994 3430 1039 3470; x_wconf 84' lang='lat' dir='ltr'><strong>ree</strong></span> 
     </span>
     <span class='ocr_line' id='line_1_43' title="bbox 94 3488 1040 3568; baseline -0.001 -18"><span class='ocrx_word' id='word_1_309' title='bbox 94 3491 154 3552; x_wconf 79' lang='lat' dir='ltr'><strong>illa</strong></span> <span class='ocrx_word' id='word_1_310' title='bbox 164 3492 342 3560; x_wconf 83' lang='lat' dir='ltr'><strong>vendantur3</strong></span> <span class='ocrx_word' id='word_1_311' title='bbox 356 3490 436 3568; x_wconf 92' lang='lat' dir='ltr'><strong>quod</strong></span> <span class='ocrx_word' id='word_1_312' title='bbox 445 3492 573 3568; x_wconf 89' lang='lat' dir='ltr'><strong>pretium</strong></span> <span class='ocrx_word' id='word_1_313' title='bbox 583 3491 659 3549; x_wconf 83' lang='lat' dir='ltr'><strong>solet</strong></span> <span class='ocrx_word' id='word_1_314' title='bbox 667 3509 732 3549; x_wconf 82' lang='lat' dir='ltr'><strong>esse</strong></span> <span class='ocrx_word' id='word_1_315' title='bbox 741 3508 855 3567; x_wconf 77' lang='lat' dir='ltr'><strong>magna</strong></span> <span class='ocrx_word' id='word_1_316' title='bbox 864 3488 1040 3549; x_wconf 85' lang='lat' dir='ltr'><strong>latitudiuis.</strong></span> 
     </span>
    </p>

    <p class='ocr_par' dir='ltr' id='par_1_14' title="bbox 96 3568 1055 3731">
     <span class='ocr_line' id='line_1_44' title="bbox 135 3568 1039 3650; baseline 0 -21"><span class='ocrx_word' id='word_1_317' title='bbox 135 3573 186 3629; x_wconf 89' lang='lat' dir='ltr'><strong>An</strong></span> <span class='ocrx_word' id='word_1_318' title='bbox 200 3572 314 3630; x_wconf 85' lang='lat' dir='ltr'><strong>licitum</strong></span> <span class='ocrx_word' id='word_1_319' title='bbox 328 3581 381 3640; x_wconf 87' lang='lat' dir='ltr'><strong>est,</strong></span> <span class='ocrx_word' id='word_1_320' title='bbox 394 3570 590 3629; x_wconf 68' lang='lat' dir='ltr'><strong>&#39;ut-venditor</strong></span> <span class='ocrx_word' id='word_1_321' title='bbox 603 3581 634 3629; x_wconf 88' lang='grc' dir='ltr'><strong>ιι</strong></span> <span class='ocrx_word' id='word_1_322' title='bbox 647 3581 772 3648; x_wconf 85' lang='lat' dir='ltr'><strong>emptor,</strong></span> <span class='ocrx_word' id='word_1_323' title='bbox 795 3568 962 3630; x_wconf 83' lang='lat' dir='ltr'><strong>nescientes</strong></span> <span class='ocrx_word' id='word_1_324' title='bbox 977 3570 1039 3650; x_wconf 82' lang='lat' dir='ltr'><strong>jos·</strong></span> 
     </span>
     <span class='ocr_line' id='line_1_45' title="bbox 96 3649 1055 3731; baseline -0.005 -19"><span class='ocrx_word' id='word_1_325' title='bbox 96 3662 161 3731; x_wconf 79' lang='lat' dir='ltr'><strong>tum</strong></span> <span class='ocrx_word' id='word_1_326' title='bbox 176 3651 218 3711; x_wconf 80' lang='lat' dir='ltr'><strong>cei</strong></span> <span class='ocrx_word' id='word_1_327' title='bbox 232 3650 370 3731; x_wconf 86' lang='lat' dir='ltr'><strong>pretium,</strong></span> <span class='ocrx_word' id='word_1_328' title='bbox 383 3649 503 3713; x_wconf 80' lang='lat' dir='ltr'><strong>interim</strong></span> <span class='ocrx_word' id='word_1_329' title='bbox 518 3650 695 3712; x_wconf 84' lang='lat' dir='ltr'><strong>contrahant</strong></span> <span class='ocrx_word' id='word_1_330' title='bbox 707 3650 805 3728; x_wconf 84' lang='lat' dir='ltr'><strong>pretio</strong></span> <span class='ocrx_word' id='word_1_331' title='bbox 819 3649 927 3720; x_wconf 81' lang='lat' dir='ltr'><strong>certo?</strong></span> <span class='ocrx_word' id='word_1_332' title='bbox 1054 3658 1055 3663; x_wconf 76' lang='grc'>’</span> 
     </span>
    </p>
   </div>
   <div class='ocr_carea' id='block_1_3' title="bbox 0 0 1089 4034">
    <p class='ocr_par' dir='ltr' id='par_1_15' title="bbox 0 0 1089 4034">
     <span class='ocr_line' id='line_1_46' title="bbox 0 0 1089 4034; baseline 0 0"><span class='ocrx_word' id='word_1_333' title='bbox 0 0 1089 4034; x_wconf 95' lang='lat' dir='ltr'><strong> </strong></span> 
     </span>
    </p>
   </div>
  </div>
 </body>
</html>
