2160 4034
344 193 388 234 ne
407 192 489 234 sune
510 190 551 233 ur
565 188 726 233 euertere.
974 179 1014 238 nl

91 290 128 352 Si
143 302 251 353 tamen
275 307 416 373 sequatur
439 295 588 354 sententie
609 294 800 363 absolutoria,
822 294 1012 356 continuatur

56 375 259 507 prescriptio.
272 376 371 433 «tib.
381 378 408 432 u.
420 374 452 433 ff.
465 394 520 452 pro
532 376 601 433 don.
613 376 649 432 t.
658 378 682 432 l.
695 377 719 434 1.
731 378 758 432 9.
769 376 801 434 O.
812 375 849 433 de
861 377 1011 456 praescrip.

71 461 373 592 suppl-{tesspma
386 533 581 611 possessionis
601 532 773 610 requiritur,
794 545 828 591 ut
850 535 940 592 sciam
961 555 1010 594 me

56 610 213 686 possidere
221 626 286 670 rem
295 612 551 690 praescribendum,
560 612 665 670 saltem
674 613 841 672 virtualiter
852 637 859 681 ;
872 614 949 672 unde
960 617 1012 694 qni

58 708 115 746 rem
128 689 265 750 alienam
288 693 462 769 ignoranter
485 693 564 748 inter
578 712 631 750 sua
645 692 721 750 boue
736 693 918 763 collocatam,
942 704 1011 771 post

59 767 225 860 legitimum
237 781 359 850 tempus
373 770 620 848 deprehenderet,
648 791 707 829 non
729 783 830 850 posset
843 792 908 830 eam
936 791 1010 850 prae·

60 846 315 988 ”lilibeum
329 939 363 987 ut
377 928 442 1006 quis
456 929 575 987 nomine
584 929 705 1007 proprio
722 930 901 1006 praescribat,
917 930 1007 990 debet

57 1006 174 1066 nomine
189 1010 316 1085 proprio
325 1008 482 1086 possidere
494 1031 502 1066 ι
522 1010 722 1084 &generatim
736 1009 819 1087 cujus
833 1010 1010 1070 nomineres

58 1085 237 1163 possidetur,
252 1108 308 1166 pro
321 1088 428 1146 eodem
442 1089 654 1167 praescribitur.

59 1243 90 1301 n.
109 1247 162 1303 er.
208 1246 273 1307 on
287 1245 413 1307 nonu
433 1245 539 1305 stou
561 1245 804 1320 neoorsrrn
818 1220 880 1305 no
896 1246 1008 1308 ene-

386 1324 697 1384 scererronen.
870 1352 873 1359 -

58 1442 78 1500 Ι.
94 1442 278 1521 Requiritur
289 1444 452 1522 benefidae.
497 1444 536 1504 11.
562 1444 631 1506 Toto
643 1456 763 1524 tempore
776 1449 1009 1526 prescriptionis.

89 1560 172 1633 QUl
178 1562 212 1620 D
229 1564 276 1621 blo
290 1565 467 1642 intelligitur
481 1565 654 1643 perbonam
669 1566 783 1626 tidem?

89 1640 128 1699 R.
151 1641 299 1701 Fundata
312 1644 481 1714 credulitas,
495 1647 554 1724 qui
567 1646 673 1723 aliquis
688 1646 743 1703 sibi
759 1647 927 1723 persuadet,
942 1667 1007 1706 rem

52 1736 114 1777 esee
128 1738 240 1780 suam:
263 1720 340 1782 unde
361 1742 422 1781 non
444 1725 550 1782 sufficit
576 1724 651 1783 levis
674 1725 773 1802 aliqua
796 1736 848 1783 aut
872 1727 1010 1785 affectatu

53 1798 229 1870 credulitas,
255 1802 307 1860 sed
321 1803 484 1881 requiritur
493 1803 640 1881 judicium
655 1805 793 1881 prudens,
816 1824 875 1883 quo
900 1807 966 1883 quis
981 1808 1012 1864 in

52 1879 374 1959 mwientiajudicet,
397 1883 477 1960 qndd
492 1903 554 1941 rein
570 1883 648 1941 illam
663 1883 796 1960 legitime
811 1885 962 1962 possideat
977 1896 1010 1943 ut

52 1976 146 2015 suam.
194 1958 434 2019 Fundamentum
451 1962 533 2020 bonae
547 1960 616 2020 fidei
630 1975 676 2021 est
691 1962 804 2021 titulus.

125 2057 166 2095 uo
183 2047 248 2097 tem
270 2062 321 2098 ore
335 2040 424 2099 debet
434 2040 485 2099 illa
497 2038 576 2100 bona
590 2041 663 2100 fides
677 2042 803 2101 adesse?

89 2115 106 2175 1
127 2157 137 2174 .
159 2108 203 2177 R
258 2139 296 2179 on
310 2118 424 2178 tantdnr
437 2121 523 2178 initio
537 2122 741 2198 possessionis,
757 2120 965 2181 verumetiam
980 2124 1012 2180 in

54 2193 120 2273 ejus
133 2186 278 2267 decursu,
293 2190 387 2259 donee
400 2200 726 2283 praescriptiolegitimb
736 2200 914 2270 absolvatur,
921 2202 1012 2279 juxta

55 2274 194 2352 regulam
210 2276 369 2336 secundam
386 2277 465 2355 juris
479 2281 508 2337 in
521 2292 623 2338 sexto:
639 2290 657 2317 “
671 2282 829 2339 Possessor
843 2281 926 2339 malm
939 2281 1011 2340 fidei

55 2362 74 2391 “
87 2354 151 2413 ullo
167 2366 307 2435 tempore
321 2377 379 2416 non
395 2359 559 2436 prescribit
567 2359 591 2424 ;”
611 2360 691 2417 idem
714 2360 839 2417 hebetur
853 2379 915 2438 cap.
930 2361 1011 2418 finali

57 2434 127 2492 “de
142 2437 387 2514 prescriptione'
411 2438 456 2495 his
481 2437 597 2497 verbis:
622 2449 640 2476 ‘⁶
655 2438 742 2498 Unde
756 2449 885 2515 oportet,
911 2440 1013 2518 utqui

59 2524 77 2551 “
90 2516 273 2591 prescribit,
289 2517 318 2574 in
333 2517 413 2574 nulla
427 2517 570 2596 temporis
584 2528 668 2594 parte
683 2519 727 2576 rei
742 2518 849 2576 habeut
862 2518 1012 2577 conscien-

57 2595 166 2653 “tiem
180 2595 313 2656 aliene?
354 2597 388 2654 ln
402 2596 554 2675 haccepit.
568 2599 605 2655 de
620 2609 738 2674 sumpto
752 2596 912 2656 exconcil.
953 2598 1012 2656 Le·

59 2675 225 2744 ttrnnensi,
250 2676 441 2735 innocentius
457 2677 516 2734 111.
531 2677 655 2754 corrigit
668 2683 694 2734 81
708 2677 834 2753 derogat
843 2676 906 2753 juri
921 2677 1010 2748 civili,

61 2753 139 2830 quod
154 2755 336 2814 admittebat
350 2756 612 2833 prescriptionem,
627 2756 716 2816 modb
733 2757 810 2813 bend
823 2755 881 2814 lide
895 2757 1013 2835 incepta

61 2843 148 2902 esset,
163 2833 238 2893 lieet
251 2835 329 2893 mele
341 2835 415 2895 fides
429 2837 657 2913 supervenisset.

98 2912 240 2991 Objicies
253 2916 298 2971 10.
319 2915 462 2975 Juranon
477 2915 629 2992 requirunt
640 2913 760 2972 titulum
773 2915 802 2972 in
815 2916 1012 2993 praescriptio·

65 2991 491 3131 nilppslppgissimitemporis:
505 3012 579 3071 ergo
587 2994 749 3052 admittunt
758 2995 1012 3072 praescriptionem

66 3091 90 3129 m
120 3094 147 3133 ae
209 3091 246 3130 er.

99 3153 138 3212 R.
160 3152 245 3227 Neg.
260 3172 377 3233 conseq,
392 3152 461 3231 quia
483 3151 566 3229 leges
590 3153 691 3211 civiles
713 3153 828 3212 tantdnr
852 3152 1013 3212 admittunt

62 3231 140 3289 illam
166 3232 423 3310 prescriptionem
447 3232 501 3289 boc
523 3251 619 3301 sensu,
644 3232 723 3311 qubd
746 3235 775 3290 in
796 3233 863 3292 loro
888 3245 1013 3290 externo

61 3323 174 3388 negent
189 3312 338 3370 actionem
356 3325 461 3369 eontra
474 3330 673 3388 possessorem
688 3313 812 3388 triginta
822 3324 874 3370 aut
888 3312 1013 3388 quadra·

62 3392 145 3467 ginta
166 3410 325 3460 annorum,
353 3408 407 3448 nee
420 3400 528 3467 cogant
547 3411 613 3448 eum
627 3391 862 3468 adprobandum
883 3389 1013 3457 titulum,

60 3471 116 3527 nisi
141 3469 225 3528 mule
249 3469 322 3527 fides
345 3482 504 3547 appareat:
526 3471 578 3528 sed
593 3471 661 3528 inde
685 3490 744 3528 non
768 3472 910 3547 sequitur,
935 3468 1016 3546 quod

60 3548 137 3607 mela
151 3548 232 3606 fides
247 3549 371 3606 sufficiat
385 3569 439 3626 pro
453 3551 675 3627 prescriptione
689 3552 719 3607 in
734 3549 922 3607 conscientia.
1048 3590 1060 3654 i

100 3628 244 3706 Objieles
255 3631 303 3685 20.
326 3629 449 3686 Possum
465 3630 656 3705 praescribere
670 3629 810 3687 adversds
824 3648 902 3697 eum,
927 3645 1016 3706 quem

57 3708 178 3785 optime
187 3708 252 3766 seio
260 3707 423 3786 heberejus
435 3709 596 3779 servitutis,
602 3728 629 3765 v.
635 3726 667 3786 g.
677 3706 847 3767 transeundi
856 3726 910 3785 per
918 3720 1019 3764 meum

10 3786 13 3847 1
62 3806 196 3865 agrum.-
219 3805 301 3862 ergo,
316 3792 367 3845 810.
