2160 4034
68 161 125 221 180
360 212 365 221 .
450 176 638 221 ruacraros
735 182 741 193 ·
1012 39 1021 205 l

76 336 78 340 ,
109 281 212 342 ΙΙ.-Β.
233 288 252 321 “
265 281 441 359 Imponens”
455 281 512 341 boc
526 291 581 353 est,
603 279 784 360 imponendo
801 281 892 342 alicui
911 280 1024 359 crinnuli

67 361 281 501 rphdegectum
294 361 411 434 falsum,
431 361 480 421 vel
493 380 567 423 vero
580 361 698 421 crimini
711 361 824 442 aliquid
838 361 909 421 falsi
922 382 1008 444 super·
1021 364 1027 402 l

68 461 85 500 a
129 462 164 501 eu
187 461 214 509 o.
825 474 828 479 ·
1022 448 1027 485 ³

109 521 170 579 Hic
183 520 289 580 modus
303 521 445 600 importat
456 518 640 589 calumniam,
656 521 825 580 &continet
835 521 1010 585 mendacium

67 599 277 680 perniciosum,
291 611 396 681 etsque
410 600 527 660 ceteris
540 599 679 678 gravior:
700 601 743 659 sic
755 598 833 659 ultor
849 600 1011 679 Putiplrtrir

67 679 203 738 detraxit
217 679 362 759 Josepbo,
385 678 494 740 (leues.
507 698 571 758 cap.
585 680 635 737 39.
648 680 675 737 a
689 680 748 740 duo
763 700 850 739 senes
869 681 1011 755 Susanna,
1024 680 1027 747 Ι

69 759 206 819 Danielis
229 780 292 840 cap.
315 762 361 818 13.
381 764 407 818 8ι
428 758 521 838 impia
543 758 668 822 Jenabel
690 759 825 831 Nabotb,
849 762 878 817 3.
901 750 1027 855 Regum!

65 858 100 897 ea
122 841 191 897 ‚at
231 874 234 879 ·
327 878 330 885 ,
1025 860 1027 873 ¹

98 856 261 978 Jllalumuia
273 939 333 978 uon
348 928 404 988 est,
425 916 495 978 dum
509 916 577 995 quis
589 917 677 977 alicui
691 917 818 997 imponit
832 918 949 977 crimen
964 918 1010 978 nt
1025 946 1027 953 ·

65 1016 139 1068 sum,
162 997 242 1078 quod
266 1008 353 1075 putat
373 1017 438 1056 erse
453 1017 556 1056 verum
570 1008 622 1057 aut
640 1008 760 1068 contra;
781 997 852 1076 quia
872 996 1011 1059 calumnia

65 1077 192 1136 involvit
206 1077 402 1137 mendacium.

77 1197 79 1201 a
107 1158 194 1251 Circa
214 1157 435 1234 impositionem
456 1154 588 1215 criminis
607 1155 675 1215 falsi
695 1157 848 1234 portinent
867 1156 936 1216 duee
950 1176 1010 1236 pro·

60 1236 1012 1390 ttttt„tlt?“tta“„lttt'ltltttttttl

63 1404 82 1434 “
96 1414 234 1473 magnam
255 1395 312 1454 sibi
335 1396 467 1466 noxiam,
496 1394 572 1455 falso
594 1395 717 1453 crimine
741 1395 881 1455 elidere.”
906 1396 949 1455 Et
967 1398 1013 1457 ld.

64 1485 82 1513 ‘⁴
97 1474 258 1534 Probabile
267 1485 313 1533 est
322 1495 381 1534 uon
391 1493 514 1553 peccare
522 1474 698 1544 mortaliter,
710 1475 762 1552 qui
772 1474 901 1552 imponit
910 1475 1013 1536 falsum

61 1563 80 1593 “
94 1554 207 1615 crimen
217 1554 314 1627 alicui,
322 1564 357 1613 ut
366 1574 447 1614 suam
453 1553 603 1632 justitiam
613 1554 661 1614 vel
670 1554 813 1613 honorem
821 1554 991 1614 defendat.”

106 1634 166 1693 ΙΙΙ.
185 1644 203 1672 “
215 1633 357 1712 Augens'’
371 1645 426 1705 est,
440 1634 492 1712 qui
502 1653 605 1693 verum
620 1635 760 1693 &uotum
772 1633 963 1693 audientibus
973 1635 1014 1694 di-

63 1713 147 1784 latat,
169 1727 220 1774 sau
235 1713 385 1773 infamiam
401 1712 592 1792 superaddite
612 1712 669 1773 boc
689 1722 787 1772 antem
812 1714 856 1783 fit,
883 1716 930 1772 10.
953 1715 1015 1776 Au·

65 1794 165 1872 gendo
187 1792 288 1853 delicti
308 1793 496 1871 gravitatem,
520 1813 549 1851 v.
562 1813 592 1870 g.
611 1792 736 1852 dicendo
751 1792 789 1851 de
801 1792 911 1852 leviter
924 1793 1015 1864 ebrio,

66 1873 146 1967 quod
160 1873 254 1933 fuerit
267 1872 440 1931 notabiliter
453 1873 531 1931 talis.
571 1874 619 1929 2⁰.
640 1872 808 1931 Numerum
822 1872 972 1950 augendo,
986 1885 1017 1933 nt

65 1972 91 2011 rr
105 1953 172 2030 quis
186 1953 224 2011 da
238 1971 284 2022 eo,
296 1952 347 2030 qui
361 1950 451 2010 sernel
467 1961 582 2011 tantum
596 1951 760 2011 fornicatus
771 1961 826 2022 est,
848 1952 929 2011 dicat
949 1972 1017 2012 enm

66 2042 115 2090 ter
135 2032 311 2091 fornicatum
328 2051 402 2089 esse.
443 2032 491 2088 30.
513 2030 592 2090 Illud
616 2032 727 2091 crimen
752 2029 888 2109 pluribus
909 2031 1018 2092 adscri-

65 2111 177 2170 bendo:
192 2111 234 2168 sic
243 2110 376 2188 quotidie
386 2111 566 2187 experimur,
579 2109 728 2188 quodjam
737 2131 791 2169 suo
800 2111 908 2170 sacculo
917 2111 1018 2190 deplo-

64 2190 151 2250 rabat
164 2191 193 2250 S.
205 2189 394 2268 Augustiuus
405 2189 503 2268 Epist.
517 2191 582 2248 lae.
593 2210 670 2248 nuuc
681 2192 729 2248 tt.
738 2190 888 2261 videlicet,
899 2191 983 2270 quod
994 2193 1017 2251 si

66 2270 132 2350 quis
148 2270 280 2353 Clericus
294 2269 323 2327 in
339 2279 491 2347 peccatum
513 2289 615 2349 grave,
639 2270 806 2347 praesertim
820 2270 942 2330 'carnale
956 2269 1015 2351 lap·

66 2368 116 2409 nus
130 2351 178 2421 sit,
194 2349 378 2409 detractores
391 2349 548 2410 traducant
562 2369 665 2409 omues
680 2348 812 2410 Clericus
825 2359 861 2408 ut
874 2349 961 2410 tales.

104 2430 154 2489 40.
176 2427 386 2489 Confirmando
401 2428 580 2507 opinionem,
602 2428 799 2507 suspicionem
813 2428 861 2486 vel
877 2428 1014 2489 dubitati·

64 2529 152 2570 onom
166 2507 359 2578 audientium,
371 2527 423 2566 seu
438 2507 519 2585 ipsos
532 2507 685 2567 reddendo
694 2507 837 2567 certiores
847 2507 884 2566 de
895 2508 1013 2570 crimine

63 2589 113 2648 vel
140 2589 267 2649 defectu.
308 2586 392 2646 Addi
418 2596 518 2665 potest
546 2607 612 2646 cum
642 2587 822 2666 steyaertio,
849 2588 939 2647 nimis
958 2589 1012 2648 frc-

85 2670 166 2730 uenti
189 2675 215 2729 tr
241 2667 348 2727 acerbat
370 2667 621 2727 rememoratione
645 2666 810 2739 efficiendo,
833 2677 868 2726 ut
892 2667 1010 2728 infamia

62 2693 176 2808 diutinis
186 2747 283 2807 duret.

103 2828 187 2886 Nota
208 2836 366 2905 augentem
387 2845 453 2885 esse
475 2824 564 2884 simul
582 2845 661 2905 sape
684 2826 888 2904 imponentem
912 2828 1008 2906 quoad

62 2906 321 2986 reliquampartem
336 2905 476 2976 infamiae,
490 2906 651 2984 &peccare
661 2916 783 2966 eatenus
797 2915 919 2985 peccato
934 2926 1010 2981 man·

62 2987 138 3046 dacii
152 2985 319 3064 perniciosi.

103 3066 261 3140 Quomodo
273 3074 376 3142 peccat
387 3063 446 3134 ille,
462 3064 513 3142 qui
524 3064 655 3124 detrahit
666 3064 695 3121 in
707 3064 832 3123 materia
840 3064 910 3135 levi,
925 3085 1011 3144 quam

59 3150 215 3205 materiam
230 3145 382 3204 auditores
395 3143 522 3203 ulteritls
536 3143 717 3222 divulgando
731 3156 842 3222 augent
862 3144 900 3203 ad
920 3154 1011 3204 mate·

61 3244 141 3365 mg„
151 3225 425 3382 glpppesrpssquendo
440 3311 555 3362 tantum
570 3311 673 3381 peccat
683 3302 857 3362 venialiter:
877 3303 1013 3382 peccabit

64 3395 164 3444 tamen
179 3382 357 3453 mortaliter,
378 3402 446 3440 casu
469 3401 528 3460 quo
548 3381 713 3459 praevidere
733 3383 832 3459 potuit
853 3385 878 3440 tc
899 3382 1012 3454 debuit,

60 3465 213 3524 auditores
234 3463 276 3522 sic
295 3461 422 3521 ulterius
443 3460 658 3539 divulgaturos,
680 3462 758 3539 quod
778 3471 824 3520 sat
838 3462 1016 3541 frequenter

62 3544 162 3602 contio
186 3544 219 3601 it.

102 3563 421 3684 IV.g“Manifestaus”
441 3627 497 3690 est,
521 3619 572 3700 qui
594 3617 704 3697 injuste
724 3619 847 3679 alterius
860 3640 965 3680 varum
985 3628 1011 3682 dt

60 3702 207 3762 occultum
221 3702 332 3783 crimen
347 3699 394 3762 vel
409 3697 561 3761 defectum
573 3698 773 3759 nescientibus
787 3700 911 3760 revelat.
