<?xml version="1.0" encoding="UTF-8"?>
<!DOCTYPE html PUBLIC "-//W3C//DTD XHTML 1.0 Transitional//EN"
    "http://www.w3.org/TR/xhtml1/DTD/xhtml1-transitional.dtd">
<html xmlns="http://www.w3.org/1999/xhtml" xml:lang="en" lang="en">
 <head>
  <title>
</title>
<meta http-equiv="Content-Type" content="text/html;charset=utf-8" />
  <meta name='ocr-system' content='tesseract 3.04.00' />
  <meta name='ocr-capabilities' content='ocr_page ocr_carea ocr_par ocr_line ocrx_word'/>
</head>
<body>
  <div class='ocr_page' id='page_1' title='image "./theologiamorali01densgoog_0025.png"; bbox 0 0 2182 4036; ppageno 0'>
   <div class='ocr_carea' id='block_1_1' title="bbox 76 173 648 234">
    <p class='ocr_par' dir='ltr' id='par_1_1' title="bbox 76 173 648 234">
     <span class='ocr_line' id='line_1_1' title="bbox 76 173 648 234; baseline 0.005 -4"><span class='ocrx_word' id='word_1_1' title='bbox 76 173 112 231; x_wconf 82' lang='lat'>14</span> <span class='ocrx_word' id='word_1_2' title='bbox 448 190 648 234; x_wconf 75' lang='lat' dir='ltr'>reserares.</span> 
     </span>
    </p>
   </div>
   <div class='ocr_carea' id='block_1_2' title="bbox 71 295 1021 1071">
    <p class='ocr_par' dir='ltr' id='par_1_2' title="bbox 72 295 1021 453">
     <span class='ocr_line' id='line_1_2' title="bbox 72 295 1021 357; baseline 0.003 -3"><span class='ocrx_word' id='word_1_3' title='bbox 72 304 91 332; x_wconf 89' lang='lat'><strong>“</strong></span> <span class='ocrx_word' id='word_1_4' title='bbox 106 314 176 354; x_wconf 90' lang='lat' dir='ltr'>num</span> <span class='ocrx_word' id='word_1_5' title='bbox 188 314 285 353; x_wconf 89' lang='lat' dir='ltr'>meum</span> <span class='ocrx_word' id='word_1_6' title='bbox 300 314 359 353; x_wconf 89' lang='lat' dir='ltr'>non</span> <span class='ocrx_word' id='word_1_7' title='bbox 374 303 420 352; x_wconf 91' lang='lat' dir='ltr'>est</span> <span class='ocrx_word' id='word_1_8' title='bbox 434 295 471 354; x_wconf 89' lang='lat' dir='ltr'>de</span> <span class='ocrx_word' id='word_1_9' title='bbox 486 295 541 354; x_wconf 92' lang='lat' dir='ltr'>boc</span> <span class='ocrx_word' id='word_1_10' title='bbox 555 295 692 354; x_wconf 89' lang='lat' dir='ltr'>mundo.”</span> <span class='ocrx_word' id='word_1_11' title='bbox 734 295 838 355; x_wconf 88' lang='lat' dir='ltr'>Potuit</span> <span class='ocrx_word' id='word_1_12' title='bbox 861 305 974 356; x_wconf 89' lang='lat' dir='ltr'>tamem</span> <span class='ocrx_word' id='word_1_13' title='bbox 989 297 1021 357; x_wconf 81' lang='lat' dir='ltr'>de</span> 
     </span>
     <span class='ocr_line' id='line_1_3' title="bbox 75 374 989 453; baseline 0.002 -21"><span class='ocrx_word' id='word_1_14' title='bbox 75 374 211 434; x_wconf 89' lang='lat' dir='ltr'>omnibus</span> <span class='ocrx_word' id='word_1_15' title='bbox 226 374 438 452; x_wconf 82' lang='lat' dir='ltr'><strong>temporalibus</strong></span> <span class='ocrx_word' id='word_1_16' title='bbox 453 375 611 453; x_wconf 78' lang='lat' dir='ltr'>disponere</span> <span class='ocrx_word' id='word_1_17' title='bbox 622 374 796 452; x_wconf 83' lang='lat' dir='ltr'>inquantdm</span> <span class='ocrx_word' id='word_1_18' title='bbox 812 386 878 434; x_wconf 89' lang='lat' dir='ltr'>erat</span> <span class='ocrx_word' id='word_1_19' title='bbox 892 376 989 434; x_wconf 90' lang='lat' dir='ltr'>Deus.</span> 
     </span>
    </p>

    <p class='ocr_par' dir='ltr' id='par_1_3' title="bbox 71 452 1021 849">
     <span class='ocr_line' id='line_1_4' title="bbox 114 452 1021 541; baseline -0.001 -27"><span class='ocrx_word' id='word_1_20' title='bbox 114 453 153 514; x_wconf 80' lang='lat' dir='ltr'>V.</span> <span class='ocrx_word' id='word_1_21' title='bbox 195 454 307 530; x_wconf 79' lang='lat' dir='ltr'>Angeli</span> <span class='ocrx_word' id='word_1_22' title='bbox 332 452 441 541; x_wconf 84' lang='lat' dir='ltr'>habept</span> <span class='ocrx_word' id='word_1_23' title='bbox 456 454 618 513; x_wconf 90' lang='lat' dir='ltr'>dominium</span> <span class='ocrx_word' id='word_1_24' title='bbox 643 474 761 512; x_wconf 89' lang='lat' dir='ltr'>suarum</span> <span class='ocrx_word' id='word_1_25' title='bbox 784 455 944 524; x_wconf 80' lang='lat' dir='ltr'>actionum,</span> <span class='ocrx_word' id='word_1_26' title='bbox 967 474 1021 513; x_wconf 79' lang='lat' dir='ltr'>sua</span> 
     </span>
     <span class='ocr_line' id='line_1_5' title="bbox 71 533 1021 604; baseline 0.002 -14"><span class='ocrx_word' id='word_1_27' title='bbox 71 533 167 604; x_wconf 70' lang='lat' dir='ltr'>fame,</span> <span class='ocrx_word' id='word_1_28' title='bbox 189 535 313 592; x_wconf 84' lang='lat' dir='ltr'>&amp;cnon</span> <span class='ocrx_word' id='word_1_29' title='bbox 328 533 439 593; x_wconf 88' lang='lat' dir='ltr'>habent</span> <span class='ocrx_word' id='word_1_30' title='bbox 449 545 548 592; x_wconf 91' lang='lat' dir='ltr'>tamen</span> <span class='ocrx_word' id='word_1_31' title='bbox 563 534 726 593; x_wconf 86' lang='lat' dir='ltr'>dominium</span> <span class='ocrx_word' id='word_1_32' title='bbox 736 536 767 593; x_wconf 89' lang='lat' dir='ltr'>iu</span> <span class='ocrx_word' id='word_1_33' title='bbox 781 555 828 592; x_wconf 91' lang='lat' dir='ltr'>res</span> <span class='ocrx_word' id='word_1_34' title='bbox 839 534 1021 602; x_wconf 75' lang='lat' dir='ltr'>sublunares,</span> 
     </span>
     <span class='ocr_line' id='line_1_6' title="bbox 73 612 1021 691; baseline 0 -20"><span class='ocrx_word' id='word_1_35' title='bbox 73 613 207 672; x_wconf 77' lang='lat' dir='ltr'>&amp;multo</span> <span class='ocrx_word' id='word_1_36' title='bbox 221 612 318 671; x_wconf 79' lang='lat' dir='ltr'>minus</span> <span class='ocrx_word' id='word_1_37' title='bbox 342 613 373 670; x_wconf 90' lang='lat' dir='ltr'>id</span> <span class='ocrx_word' id='word_1_38' title='bbox 387 612 497 672; x_wconf 87' lang='lat' dir='ltr'>babent</span> <span class='ocrx_word' id='word_1_39' title='bbox 519 613 686 680; x_wconf 53' lang='lat' dir='ltr'>damonem</span> <span class='ocrx_word' id='word_1_40' title='bbox 706 614 756 691; x_wconf 90' lang='lat' dir='ltr'>qui</span> <span class='ocrx_word' id='word_1_41' title='bbox 771 625 870 672; x_wconf 90' lang='lat' dir='ltr'>tamen</span> <span class='ocrx_word' id='word_1_42' title='bbox 885 614 1021 672; x_wconf 84' lang='lat' dir='ltr'>dicuntur</span> 
     </span>
     <span class='ocr_line' id='line_1_7' title="bbox 71 692 1021 770; baseline 0 -19"><span class='ocrx_word' id='word_1_43' title='bbox 71 693 220 770; x_wconf 82' lang='lat' dir='ltr'><strong>principes</strong></span> <span class='ocrx_word' id='word_1_44' title='bbox 235 692 323 770; x_wconf 89' lang='lat' dir='ltr'>hujus</span> <span class='ocrx_word' id='word_1_45' title='bbox 336 693 448 762; x_wconf 89' lang='lat' dir='ltr'>muudi,</span> <span class='ocrx_word' id='word_1_46' title='bbox 469 694 506 751; x_wconf 86' lang='lat' dir='ltr'>eb</span> <span class='ocrx_word' id='word_1_47' title='bbox 517 694 596 770; x_wconf 80' lang='lat' dir='ltr'>qood</span> <span class='ocrx_word' id='word_1_48' title='bbox 610 713 704 770; x_wconf 83' lang='lat' dir='ltr'>genus</span> <span class='ocrx_word' id='word_1_49' title='bbox 719 694 878 751; x_wconf 84' lang='lat' dir='ltr'>humanum</span> <span class='ocrx_word' id='word_1_50' title='bbox 900 704 1021 770; x_wconf 91' lang='lat' dir='ltr'>peccato</span> 
     </span>
     <span class='ocr_line' id='line_1_8' title="bbox 73 771 826 849; baseline 0.003 -21"><span class='ocrx_word' id='word_1_51' title='bbox 73 773 240 840; x_wconf 82' lang='lat' dir='ltr'>infecerint,</span> <span class='ocrx_word' id='word_1_52' title='bbox 261 783 431 849; x_wconf 79' lang='lat' dir='ltr'><strong>peccatores</strong></span> <span class='ocrx_word' id='word_1_53' title='bbox 445 772 578 848; x_wconf 87' lang='lat' dir='ltr'>captivos</span> <span class='ocrx_word' id='word_1_54' title='bbox 592 771 752 842; x_wconf 81' lang='lat' dir='ltr'>detineant,</span> <span class='ocrx_word' id='word_1_55' title='bbox 774 774 826 830; x_wconf 76' lang='lat' dir='ltr'>&amp;c</span> 
     </span>
    </p>

    <p class='ocr_par' dir='ltr' id='par_1_4' title="bbox 73 851 1021 1071">
     <span class='ocr_line' id='line_1_9' title="bbox 113 851 1021 922; baseline -0.001 -11"><span class='ocrx_word' id='word_1_56' title='bbox 113 851 169 912; x_wconf 85' lang='lat' dir='ltr'>vl.</span> <span class='ocrx_word' id='word_1_57' title='bbox 191 851 338 909; x_wconf 77' lang='lat' dir='ltr'>Homines</span> <span class='ocrx_word' id='word_1_58' title='bbox 352 851 462 909; x_wconf 90' lang='lat' dir='ltr'>babent</span> <span class='ocrx_word' id='word_1_59' title='bbox 482 851 645 909; x_wconf 89' lang='lat' dir='ltr'>dominium</span> <span class='ocrx_word' id='word_1_60' title='bbox 661 872 780 913; x_wconf 68' lang='lat' dir='ltr'>morum</span> <span class='ocrx_word' id='word_1_61' title='bbox 794 862 924 922; x_wconf 84' lang='lat' dir='ltr'>actuum,</span> <span class='ocrx_word' id='word_1_62' title='bbox 938 851 1021 910; x_wconf 81' lang='lat' dir='ltr'>fama</span> 
     </span>
     <span class='ocr_line' id='line_1_10' title="bbox 73 929 1021 990; baseline -0.002 0"><span class='ocrx_word' id='word_1_63' title='bbox 73 937 99 990; x_wconf 76' lang='lat' dir='ltr'>dr</span> <span class='ocrx_word' id='word_1_64' title='bbox 114 929 237 989; x_wconf 85' lang='lat' dir='ltr'>aliarum</span> <span class='ocrx_word' id='word_1_65' title='bbox 251 950 350 989; x_wconf 79' lang='lat' dir='ltr'>reruni</span> <span class='ocrx_word' id='word_1_66' title='bbox 361 930 574 989; x_wconf 83' lang='lat' dir='ltr'>sublunarium.</span> <span class='ocrx_word' id='word_1_67' title='bbox 615 931 663 989; x_wconf 91' lang='lat' dir='ltr'>De</span> <span class='ocrx_word' id='word_1_68' title='bbox 674 931 933 990; x_wconf 76' lang='lat' dir='ltr'>dominio&#39;Summi</span> <span class='ocrx_word' id='word_1_69' title='bbox 946 931 1021 990; x_wconf 90' lang='lat' dir='ltr'>Pon·</span> 
     </span>
     <span class='ocr_line' id='line_1_11' title="bbox 73 1008 852 1071; baseline 0 -3"><span class='ocrx_word' id='word_1_70' title='bbox 73 1009 161 1069; x_wconf 86' lang='lat' dir='ltr'>tilicis</span> <span class='ocrx_word' id='word_1_71' title='bbox 175 1008 287 1067; x_wconf 89' lang='lat' dir='ltr'>dictum</span> <span class='ocrx_word' id='word_1_72' title='bbox 301 1011 390 1068; x_wconf 90' lang='lat' dir='ltr'>estin</span> <span class='ocrx_word' id='word_1_73' title='bbox 405 1010 549 1069; x_wconf 86' lang='lat' dir='ltr'>Tractatu</span> <span class='ocrx_word' id='word_1_74' title='bbox 569 1019 588 1047; x_wconf 91' lang='lat'><strong>“</strong></span> <span class='ocrx_word' id='word_1_75' title='bbox 603 1009 640 1069; x_wconf 92' lang='lat' dir='ltr'>de</span> <span class='ocrx_word' id='word_1_76' title='bbox 655 1009 852 1071; x_wconf 87' lang='lat' dir='ltr'>Virtutibus.”</span> 
     </span>
    </p>
   </div>
   <div class='ocr_carea' id='block_1_3' title="bbox 15 1167 1021 1308">
    <p class='ocr_par' dir='ltr' id='par_1_5' title="bbox 15 1167 1021 1308">
     <span class='ocr_line' id='line_1_12' title="bbox 77 1167 1021 1229; baseline -0.001 -1"><span class='ocrx_word' id='word_1_77' title='bbox 77 1167 119 1228; x_wconf 87' lang='lat' dir='ltr'>N.</span> <span class='ocrx_word' id='word_1_78' title='bbox 135 1171 180 1227; x_wconf 86' lang='lat'>10.</span> <span class='ocrx_word' id='word_1_79' title='bbox 212 1169 273 1228; x_wconf 82' lang='lat' dir='ltr'>DE</span> <span class='ocrx_word' id='word_1_80' title='bbox 287 1167 486 1228; x_wconf 90' lang='lat' dir='ltr'><strong>DOMINIO</strong></span> <span class='ocrx_word' id='word_1_81' title='bbox 512 1167 705 1228; x_wconf 90' lang='lat' dir='ltr'><strong>UXORUM</strong></span> <span class='ocrx_word' id='word_1_82' title='bbox 725 1170 783 1228; x_wconf 83' lang='grc' dir='ltr'>ΕΤ</span> <span class='ocrx_word' id='word_1_83' title='bbox 803 1168 1021 1229; x_wconf 81' lang='lat' dir='ltr'>FILlORUM</span> 
     </span>
     <span class='ocr_line' id='line_1_13' title="bbox 15 1247 840 1308; baseline -0.001 -1"><span class='ocrx_word' id='word_1_84' title='bbox 15 1247 18 1251; x_wconf 72' lang='grc'>’</span> <span class='ocrx_word' id='word_1_85' title='bbox 274 1247 357 1307; x_wconf 91' lang='lat' dir='ltr'>SUB</span> <span class='ocrx_word' id='word_1_86' title='bbox 379 1247 548 1307; x_wconf 85' lang='lat' dir='ltr'><strong>PATRIA</strong></span> <span class='ocrx_word' id='word_1_87' title='bbox 570 1248 840 1308; x_wconf 73' lang='lat' dir='ltr'>POTESTATe</span> 
     </span>
    </p>
   </div>
   <div class='ocr_carea' id='block_1_4' title="bbox 116 1366 1021 1484">
    <p class='ocr_par' dir='ltr' id='par_1_6' title="bbox 116 1366 1021 1484">
     <span class='ocr_line' id='line_1_14' title="bbox 116 1366 1021 1484; baseline -0.001 -18"><span class='ocrx_word' id='word_1_88' title='bbox 116 1407 141 1466; x_wconf 91' lang='lat' dir='ltr'>l.</span> <span class='ocrx_word' id='word_1_89' title='bbox 169 1406 220 1466; x_wconf 80' lang='lat' dir='ltr'>Vir</span> <span class='ocrx_word' id='word_1_90' title='bbox 232 1408 414 1464; x_wconf 58' lang='lat' dir='ltr'>manicabat</span> <span class='ocrx_word' id='word_1_91' title='bbox 422 1407 494 1464; x_wconf 83' lang='lat' dir='ltr'>bona</span> <span class='ocrx_word' id='word_1_92' title='bbox 504 1408 609 1465; x_wconf 74' lang='lat' dir='ltr'>acoris</span> <span class='ocrx_word' id='word_1_93' title='bbox 652 1406 693 1464; x_wconf 92' lang='grc' dir='ltr'>ΙΙ.</span> <span class='ocrx_word' id='word_1_94' title='bbox 708 1366 796 1465; x_wconf 66' lang='lat' dir='ltr'>licea</span> <span class='ocrx_word' id='word_1_95' title='bbox 804 1405 941 1483; x_wconf 80' lang='lat' dir='ltr'>filioram</span> <span class='ocrx_word' id='word_1_96' title='bbox 953 1426 1021 1484; x_wconf 81' lang='lat' dir='ltr'>que·</span> 
     </span>
    </p>
   </div>
   <div class='ocr_carea' id='block_1_5' title="bbox 113 1485 1021 1643">
    <p class='ocr_par' dir='ltr' id='par_1_7' title="bbox 113 1485 1021 1643">
     <span class='ocr_line' id='line_1_15' title="bbox 113 1485 1021 1564; baseline -0.002 -20"><span class='ocrx_word' id='word_1_97' title='bbox 113 1487 266 1564; x_wconf 79' lang='lat' dir='ltr'>druplicie.</span> <span class='ocrx_word' id='word_1_98' title='bbox 308 1485 368 1545; x_wconf 91' lang='lat' dir='ltr'>Ill.</span> <span class='ocrx_word' id='word_1_99' title='bbox 393 1486 566 1545; x_wconf 71' lang='lat' dir='ltr'>Castrensis.</span> <span class='ocrx_word' id='word_1_100' title='bbox 607 1485 663 1545; x_wconf 86' lang='lat' dir='ltr'>lv.</span> <span class='ocrx_word' id='word_1_101' title='bbox 688 1487 955 1559; x_wconf 80' lang='lat' dir='ltr'>Quasi-castrensia.</span> <span class='ocrx_word' id='word_1_102' title='bbox 987 1486 1021 1545; x_wconf 64' lang='lat' dir='ltr'>V⁴</span> 
     </span>
     <span class='ocr_line' id='line_1_16' title="bbox 113 1564 581 1643; baseline -0.002 -19"><span class='ocrx_word' id='word_1_103' title='bbox 113 1564 288 1625; x_wconf 82' lang='lat' dir='ltr'>Adocntitt&#39;a.</span> <span class='ocrx_word' id='word_1_104' title='bbox 330 1565 386 1625; x_wconf 88' lang='lat' dir='ltr'>Vl.</span> <span class='ocrx_word' id='word_1_105' title='bbox 405 1565 581 1643; x_wconf 61' lang='lat' dir='ltr'>Prffectitr&#39;u.</span> 
     </span>
    </p>
   </div>
   <div class='ocr_carea' id='block_1_6' title="bbox 67 1723 1022 3784">
    <p class='ocr_par' dir='ltr' id='par_1_8' title="bbox 118 1723 676 1799">
     <span class='ocr_line' id='line_1_17' title="bbox 118 1723 676 1799; baseline -0.004 -14"><span class='ocrx_word' id='word_1_106' title='bbox 118 1724 270 1799; x_wconf 74' lang='lat' dir='ltr'><strong>QUALE</strong></span> <span class='ocrx_word' id='word_1_107' title='bbox 290 1733 335 1783; x_wconf 91' lang='lat' dir='ltr'>est</span> <span class='ocrx_word' id='word_1_108' title='bbox 346 1723 508 1782; x_wconf 89' lang='lat' dir='ltr'>dominium</span> <span class='ocrx_word' id='word_1_109' title='bbox 525 1725 676 1783; x_wconf 85' lang='lat' dir='ltr'>uxorum?</span> 
     </span>
    </p>

    <p class='ocr_par' dir='ltr' id='par_1_9' title="bbox 74 1801 1022 2277">
     <span class='ocr_line' id='line_1_18' title="bbox 116 1801 1021 1881; baseline -0.002 -18"><span class='ocrx_word' id='word_1_110' title='bbox 116 1804 140 1863; x_wconf 91' lang='grc' dir='ltr'>Ι.</span> <span class='ocrx_word' id='word_1_111' title='bbox 162 1805 201 1863; x_wconf 87' lang='lat' dir='ltr'>R.</span> <span class='ocrx_word' id='word_1_112' title='bbox 223 1804 411 1864; x_wconf 82' lang='lat' dir='ltr'>Generaliter</span> <span class='ocrx_word' id='word_1_113' title='bbox 421 1804 517 1860; x_wconf 90' lang='lat' dir='ltr'>omnis</span> <span class='ocrx_word' id='word_1_114' title='bbox 531 1802 748 1861; x_wconf 82' lang='lat' dir='ltr'>administratio</span> <span class='ocrx_word' id='word_1_115' title='bbox 763 1811 877 1881; x_wconf 87' lang='lat' dir='ltr'>spectat</span> <span class='ocrx_word' id='word_1_116' title='bbox 890 1802 929 1860; x_wconf 87' lang='lat' dir='ltr'>ad</span> <span class='ocrx_word' id='word_1_117' title='bbox 939 1801 1021 1880; x_wconf 77' lang='lat' dir='ltr'>jusd</span> 
     </span>
     <span class='ocr_line' id='line_1_19' title="bbox 76 1880 1021 1959; baseline -0.003 -16"><span class='ocrx_word' id='word_1_118' title='bbox 76 1883 238 1943; x_wconf 90' lang='lat' dir='ltr'>dominium</span> <span class='ocrx_word' id='word_1_119' title='bbox 249 1882 358 1951; x_wconf 88' lang='lat' dir='ltr'>mariti,</span> <span class='ocrx_word' id='word_1_120' title='bbox 369 1883 459 1958; x_wconf 88' lang='lat' dir='ltr'>juxta</span> <span class='ocrx_word' id='word_1_121' title='bbox 472 1882 554 1959; x_wconf 78' lang='lat' dir='ltr'>leges</span> <span class='ocrx_word' id='word_1_122' title='bbox 562 1888 588 1941; x_wconf 78' lang='lat' dir='ltr'>dr</span> <span class='ocrx_word' id='word_1_123' title='bbox 598 1882 826 1941; x_wconf 87' lang='lat' dir='ltr'>consuetudines</span> <span class='ocrx_word' id='word_1_124' title='bbox 835 1880 945 1958; x_wconf 80' lang='lat' dir='ltr'>Belgii,</span> <span class='ocrx_word' id='word_1_125' title='bbox 956 1881 1021 1940; x_wconf 85' lang='lat' dir='ltr'>licet</span> 
     </span>
     <span class='ocr_line' id='line_1_20' title="bbox 74 1960 1021 2041; baseline -0.003 -19"><span class='ocrx_word' id='word_1_126' title='bbox 74 1983 152 2022; x_wconf 88' lang='lat' dir='ltr'>uxor</span> <span class='ocrx_word' id='word_1_127' title='bbox 178 1981 233 2039; x_wconf 91' lang='lat' dir='ltr'>per</span> <span class='ocrx_word' id='word_1_128' title='bbox 257 1981 288 2018; x_wconf 91' lang='lat' dir='ltr'>se</span> <span class='ocrx_word' id='word_1_129' title='bbox 315 1960 464 2038; x_wconf 91' lang='lat' dir='ltr'>loquendo</span> <span class='ocrx_word' id='word_1_130' title='bbox 491 1961 758 2038; x_wconf 88' lang='lat' dir='ltr'>paraphernalium,</span> <span class='ocrx_word' id='word_1_131' title='bbox 784 1961 856 2041; x_wconf 91' lang='lat' dir='ltr'>(hoc</span> <span class='ocrx_word' id='word_1_132' title='bbox 883 1971 938 2030; x_wconf 86' lang='lat' dir='ltr'>est,</span> <span class='ocrx_word' id='word_1_133' title='bbox 960 1980 1021 2039; x_wconf 82' lang='lat' dir='ltr'>qua</span> 
     </span>
     <span class='ocr_line' id='line_1_21' title="bbox 74 2040 1022 2119; baseline -0.003 -18"><span class='ocrx_word' id='word_1_134' title='bbox 74 2056 152 2101; x_wconf 87' lang='lat' dir='ltr'>uxor</span> <span class='ocrx_word' id='word_1_135' title='bbox 166 2041 293 2110; x_wconf 86' lang='lat' dir='ltr'>aliunde,</span> <span class='ocrx_word' id='word_1_136' title='bbox 309 2043 397 2118; x_wconf 75' lang='lat' dir='ltr'>quam</span> <span class='ocrx_word' id='word_1_137' title='bbox 413 2059 467 2118; x_wconf 92' lang='lat' dir='ltr'>per</span> <span class='ocrx_word' id='word_1_138' title='bbox 481 2041 582 2098; x_wconf 91' lang='lat' dir='ltr'>dotem</span> <span class='ocrx_word' id='word_1_139' title='bbox 597 2041 737 2119; x_wconf 67' lang='lat' dir='ltr'>accepit)</span> <span class='ocrx_word' id='word_1_140' title='bbox 753 2040 917 2098; x_wconf 89' lang='lat' dir='ltr'>dominium</span> <span class='ocrx_word' id='word_1_141' title='bbox 931 2041 1022 2099; x_wconf 86' lang='lat' dir='ltr'>direc-</span> 
     </span>
     <span class='ocr_line' id='line_1_22' title="bbox 74 2118 1021 2198; baseline -0.002 -18"><span class='ocrx_word' id='word_1_142' title='bbox 74 2133 138 2180; x_wconf 88' lang='lat' dir='ltr'>tum</span> <span class='ocrx_word' id='word_1_143' title='bbox 153 2119 265 2180; x_wconf 86' lang='lat' dir='ltr'>&amp;utile</span> <span class='ocrx_word' id='word_1_144' title='bbox 288 2119 405 2189; x_wconf 89' lang='lat' dir='ltr'>babeat,</span> <span class='ocrx_word' id='word_1_145' title='bbox 433 2118 567 2197; x_wconf 85' lang='lat' dir='ltr'>adebqno</span> <span class='ocrx_word' id='word_1_146' title='bbox 592 2120 630 2178; x_wconf 89' lang='lat' dir='ltr'>de</span> <span class='ocrx_word' id='word_1_147' title='bbox 653 2121 712 2178; x_wconf 91' lang='lat' dir='ltr'>illis</span> <span class='ocrx_word' id='word_1_148' title='bbox 734 2119 891 2198; x_wconf 81' lang='lat' dir='ltr'>disponere</span> <span class='ocrx_word' id='word_1_149' title='bbox 913 2133 1021 2198; x_wconf 82' lang='lat' dir='ltr'>posset,</span> 
     </span>
     <span class='ocr_line' id='line_1_23' title="bbox 74 2199 680 2277; baseline -0.003 -17"><span class='ocrx_word' id='word_1_150' title='bbox 74 2201 131 2260; x_wconf 88' lang='lat' dir='ltr'>nisi</span> <span class='ocrx_word' id='word_1_151' title='bbox 141 2200 224 2277; x_wconf 86' lang='lat' dir='ltr'>leges</span> <span class='ocrx_word' id='word_1_152' title='bbox 238 2204 263 2258; x_wconf 80' lang='lat' dir='ltr'>dr</span> <span class='ocrx_word' id='word_1_153' title='bbox 276 2199 505 2258; x_wconf 88' lang='lat' dir='ltr'>consuetudines</span> <span class='ocrx_word' id='word_1_154' title='bbox 518 2200 680 2258; x_wconf 85' lang='lat' dir='ltr'>obstarent.</span> 
     </span>
    </p>

    <p class='ocr_par' dir='ltr' id='par_1_10' title="bbox 72 2277 1021 2752">
     <span class='ocr_line' id='line_1_24' title="bbox 115 2277 1021 2358; baseline -0.001 -21"><span class='ocrx_word' id='word_1_155' title='bbox 115 2281 212 2358; x_wconf 80' lang='lat' dir='ltr'>Igitur</span> <span class='ocrx_word' id='word_1_156' title='bbox 220 2280 352 2357; x_wconf 75' lang='lat' dir='ltr'>graviter</span> <span class='ocrx_word' id='word_1_157' title='bbox 360 2289 463 2357; x_wconf 86' lang='lat' dir='ltr'>peccat</span> <span class='ocrx_word' id='word_1_158' title='bbox 478 2298 634 2356; x_wconf 66' lang='lat' dir='ltr'>uxonqeae</span> <span class='ocrx_word' id='word_1_159' title='bbox 645 2278 723 2337; x_wconf 86' lang='lat' dir='ltr'>bona</span> <span class='ocrx_word' id='word_1_160' title='bbox 731 2277 873 2336; x_wconf 87' lang='lat' dir='ltr'>notabilia</span> <span class='ocrx_word' id='word_1_161' title='bbox 882 2279 1021 2356; x_wconf 83' lang='lat' dir='ltr'>expendit</span> 
     </span>
     <span class='ocr_line' id='line_1_25' title="bbox 72 2357 1021 2434; baseline -0.001 -17"><span class='ocrx_word' id='word_1_162' title='bbox 72 2361 166 2418; x_wconf 90' lang='lat' dir='ltr'>inscio</span> <span class='ocrx_word' id='word_1_163' title='bbox 177 2365 202 2417; x_wconf 81' lang='lat' dir='ltr'>dr</span> <span class='ocrx_word' id='word_1_164' title='bbox 214 2359 307 2416; x_wconf 87' lang='lat' dir='ltr'>invito</span> <span class='ocrx_word' id='word_1_165' title='bbox 317 2359 433 2433; x_wconf 87' lang='lat' dir='ltr'>marito,</span> <span class='ocrx_word' id='word_1_166' title='bbox 441 2358 496 2416; x_wconf 90' lang='lat' dir='ltr'>nisi</span> <span class='ocrx_word' id='word_1_167' title='bbox 505 2359 584 2416; x_wconf 88' lang='lat' dir='ltr'>forte</span> <span class='ocrx_word' id='word_1_168' title='bbox 594 2358 811 2417; x_wconf 84' lang='lat' dir='ltr'>administratio</span> <span class='ocrx_word' id='word_1_169' title='bbox 822 2357 860 2415; x_wconf 89' lang='lat' dir='ltr'>ad</span> <span class='ocrx_word' id='word_1_170' title='bbox 868 2358 964 2434; x_wconf 88' lang='lat' dir='ltr'>ipsam</span> <span class='ocrx_word' id='word_1_171' title='bbox 975 2360 1021 2416; x_wconf 68' lang='lat' dir='ltr'>de⁴</span> 
     </span>
     <span class='ocr_line' id='line_1_26' title="bbox 75 2437 1021 2515; baseline -0.002 -18"><span class='ocrx_word' id='word_1_172' title='bbox 75 2440 179 2499; x_wconf 86' lang='lat' dir='ltr'>voluta</span> <span class='ocrx_word' id='word_1_173' title='bbox 192 2448 280 2507; x_wconf 88' lang='lat' dir='ltr'>esset,</span> <span class='ocrx_word' id='word_1_174' title='bbox 301 2457 329 2495; x_wconf 89' lang='lat' dir='ltr'>v.</span> <span class='ocrx_word' id='word_1_175' title='bbox 340 2458 370 2515; x_wconf 83' lang='lat' dir='ltr'>g.</span> <span class='ocrx_word' id='word_1_176' title='bbox 383 2437 499 2496; x_wconf 92' lang='lat' dir='ltr'>ratione</span> <span class='ocrx_word' id='word_1_177' title='bbox 510 2437 729 2515; x_wconf 81' lang='lat' dir='ltr'>prodigalitatis</span> <span class='ocrx_word' id='word_1_178' title='bbox 744 2437 791 2495; x_wconf 88' lang='lat' dir='ltr'>vel</span> <span class='ocrx_word' id='word_1_179' title='bbox 802 2437 939 2495; x_wconf 71' lang='lat' dir='ltr'>amentia</span> <span class='ocrx_word' id='word_1_180' title='bbox 950 2439 1021 2495; x_wconf 83' lang='lat' dir='ltr'>viri:</span> 
     </span>
     <span class='ocr_line' id='line_1_27' title="bbox 77 2516 1021 2599; baseline -0.005 -19"><span class='ocrx_word' id='word_1_181' title='bbox 77 2529 178 2599; x_wconf 90' lang='lat' dir='ltr'>potest</span> <span class='ocrx_word' id='word_1_182' title='bbox 193 2528 290 2576; x_wconf 89' lang='lat' dir='ltr'>tomen</span> <span class='ocrx_word' id='word_1_183' title='bbox 303 2537 379 2587; x_wconf 82' lang='lat' dir='ltr'>uxor</span> <span class='ocrx_word' id='word_1_184' title='bbox 388 2516 459 2575; x_wconf 90' lang='lat' dir='ltr'>dare</span> <span class='ocrx_word' id='word_1_185' title='bbox 470 2516 673 2594; x_wconf 74' lang='lat' dir='ltr'>eleemosynas</span> <span class='ocrx_word' id='word_1_186' title='bbox 682 2517 859 2584; x_wconf 87' lang='lat' dir='ltr'>moderatas,</span> <span class='ocrx_word' id='word_1_187' title='bbox 871 2527 904 2574; x_wconf 90' lang='lat' dir='ltr'>ut</span> <span class='ocrx_word' id='word_1_188' title='bbox 914 2517 1021 2575; x_wconf 84' lang='lat' dir='ltr'>dictum</span> 
     </span>
     <span class='ocr_line' id='line_1_28' title="bbox 76 2596 1021 2673; baseline -0.003 -15"><span class='ocrx_word' id='word_1_189' title='bbox 76 2610 123 2659; x_wconf 89' lang='lat' dir='ltr'>est</span> <span class='ocrx_word' id='word_1_190' title='bbox 146 2599 187 2658; x_wconf 90' lang='lat' dir='ltr'>N.</span> <span class='ocrx_word' id='word_1_191' title='bbox 217 2599 282 2655; x_wconf 78' lang='lat'><strong>145.</strong></span> <span class='ocrx_word' id='word_1_192' title='bbox 302 2605 320 2634; x_wconf 89' lang='lat'><strong>“</strong></span> <span class='ocrx_word' id='word_1_193' title='bbox 335 2596 372 2654; x_wconf 90' lang='lat' dir='ltr'>de</span> <span class='ocrx_word' id='word_1_194' title='bbox 397 2596 577 2667; x_wconf 72' lang='lat' dir='ltr'>charitate,&#39;’</span> <span class='ocrx_word' id='word_1_195' title='bbox 597 2597 805 2673; x_wconf 84' lang='lat' dir='ltr'>&amp;expendere</span> <span class='ocrx_word' id='word_1_196' title='bbox 826 2597 973 2672; x_wconf 86' lang='lat' dir='ltr'>quaedam,</span> <span class='ocrx_word' id='word_1_197' title='bbox 994 2607 1021 2655; x_wconf 85' lang='lat' dir='ltr'>ut</span> 
     </span>
     <span class='ocr_line' id='line_1_29' title="bbox 73 2675 946 2752; baseline -0.006 -15"><span class='ocrx_word' id='word_1_198' title='bbox 73 2687 189 2738; x_wconf 85' lang='lat' dir='ltr'>avertat</span> <span class='ocrx_word' id='word_1_199' title='bbox 202 2677 309 2735; x_wconf 87' lang='lat' dir='ltr'>damna</span> <span class='ocrx_word' id='word_1_200' title='bbox 322 2675 449 2745; x_wconf 78' lang='lat' dir='ltr'>familia,</span> <span class='ocrx_word' id='word_1_201' title='bbox 470 2675 553 2733; x_wconf 87' lang='lat' dir='ltr'>velut</span> <span class='ocrx_word' id='word_1_202' title='bbox 567 2675 687 2752; x_wconf 79' lang='lat' dir='ltr'>Abigail</span> <span class='ocrx_word' id='word_1_203' title='bbox 713 2679 738 2732; x_wconf 91' lang='lat' dir='ltr'>l.</span> <span class='ocrx_word' id='word_1_204' title='bbox 760 2676 837 2752; x_wconf 78' lang='lat' dir='ltr'>Reg.</span> <span class='ocrx_word' id='word_1_205' title='bbox 852 2696 876 2732; x_wconf 91' lang='lat' dir='ltr'>c.</span> <span class='ocrx_word' id='word_1_206' title='bbox 897 2678 946 2733; x_wconf 82' lang='lat'>25.</span> 
     </span>
    </p>

    <p class='ocr_par' dir='ltr' id='par_1_11' title="bbox 74 2754 1021 2991">
     <span class='ocr_line' id='line_1_30' title="bbox 116 2754 1021 2832; baseline -0.002 -16"><span class='ocrx_word' id='word_1_207' title='bbox 116 2756 263 2816; x_wconf 81' lang='lat' dir='ltr'>Gaetenlm</span> <span class='ocrx_word' id='word_1_208' title='bbox 278 2767 362 2814; x_wconf 90' lang='lat' dir='ltr'>curet</span> <span class='ocrx_word' id='word_1_209' title='bbox 377 2754 591 2823; x_wconf 71' lang='lat' dir='ltr'>confessarius,</span> <span class='ocrx_word' id='word_1_210' title='bbox 605 2766 640 2812; x_wconf 91' lang='lat' dir='ltr'>ut</span> <span class='ocrx_word' id='word_1_211' title='bbox 649 2755 731 2814; x_wconf 86' lang='lat' dir='ltr'>inter</span> <span class='ocrx_word' id='word_1_212' title='bbox 745 2755 886 2832; x_wconf 83' lang='lat' dir='ltr'>conjuges</span> <span class='ocrx_word' id='word_1_213' title='bbox 900 2775 960 2814; x_wconf 89' lang='lat' dir='ltr'>uon</span> <span class='ocrx_word' id='word_1_214' title='bbox 975 2775 1021 2814; x_wconf 93' lang='lat' dir='ltr'>uo·</span> 
     </span>
     <span class='ocr_line' id='line_1_31' title="bbox 74 2834 1021 2913; baseline 0.001 -19"><span class='ocrx_word' id='word_1_215' title='bbox 74 2837 205 2894; x_wconf 92' lang='lat' dir='ltr'>minetur</span> <span class='ocrx_word' id='word_1_216' title='bbox 219 2845 237 2873; x_wconf 86' lang='lat'><strong>“</strong></span> <span class='ocrx_word' id='word_1_217' title='bbox 249 2855 345 2893; x_wconf 89' lang='lat' dir='ltr'>meum</span> <span class='ocrx_word' id='word_1_218' title='bbox 355 2839 381 2893; x_wconf 75' lang='lat' dir='ltr'>a</span> <span class='ocrx_word' id='word_1_219' title='bbox 394 2834 505 2904; x_wconf 90' lang='lat' dir='ltr'>tuum‚”</span> <span class='ocrx_word' id='word_1_220' title='bbox 526 2834 578 2892; x_wconf 89' lang='lat' dir='ltr'>sed</span> <span class='ocrx_word' id='word_1_221' title='bbox 587 2835 690 2912; x_wconf 79' lang='lat' dir='ltr'>magis,</span> <span class='ocrx_word' id='word_1_222' title='bbox 701 2843 735 2892; x_wconf 91' lang='lat' dir='ltr'>ot</span> <span class='ocrx_word' id='word_1_223' title='bbox 748 2834 779 2892; x_wconf 93' lang='lat' dir='ltr'>iu</span> <span class='ocrx_word' id='word_1_224' title='bbox 792 2834 938 2895; x_wconf 82' lang='lat' dir='ltr'>charitate</span> <span class='ocrx_word' id='word_1_225' title='bbox 949 2855 1021 2913; x_wconf 74' lang='lat' dir='ltr'>uxor</span> 
     </span>
     <span class='ocr_line' id='line_1_32' title="bbox 74 2913 571 2991; baseline -0.008 -16"><span class='ocrx_word' id='word_1_226' title='bbox 74 2917 141 2975; x_wconf 85' lang='lat' dir='ltr'>viro</span> <span class='ocrx_word' id='word_1_227' title='bbox 155 2913 258 2983; x_wconf 87' lang='lat' dir='ltr'>subsit,</span> <span class='ocrx_word' id='word_1_228' title='bbox 280 2924 313 2973; x_wconf 87' lang='lat' dir='ltr'>ut</span> <span class='ocrx_word' id='word_1_229' title='bbox 329 2913 444 2991; x_wconf 86' lang='lat' dir='ltr'>justum</span> <span class='ocrx_word' id='word_1_230' title='bbox 458 2922 513 2972; x_wconf 89' lang='lat' dir='ltr'>est.</span> <span class='ocrx_word' id='word_1_231' title='bbox 570 2939 571 2943; x_wconf 42' lang='lat'>¹</span> 
     </span>
    </p>

    <p class='ocr_par' dir='ltr' id='par_1_12' title="bbox 76 2992 1021 3153">
     <span class='ocr_line' id='line_1_33' title="bbox 116 2992 1021 3073; baseline -0.001 -19"><span class='ocrx_word' id='word_1_232' title='bbox 116 2993 213 3069; x_wconf 87' lang='lat' dir='ltr'>Quale</span> <span class='ocrx_word' id='word_1_233' title='bbox 227 3004 273 3052; x_wconf 88' lang='lat' dir='ltr'>est</span> <span class='ocrx_word' id='word_1_234' title='bbox 287 2993 449 3052; x_wconf 87' lang='lat' dir='ltr'>dominium</span> <span class='ocrx_word' id='word_1_235' title='bbox 464 2992 744 3064; x_wconf 83' lang='lat' dir='ltr'>filiorum-familias,</span> <span class='ocrx_word' id='word_1_236' title='bbox 758 2993 810 3070; x_wconf 89' lang='lat' dir='ltr'>qni</span> <span class='ocrx_word' id='word_1_237' title='bbox 824 3004 893 3051; x_wconf 90' lang='lat' dir='ltr'>sunt</span> <span class='ocrx_word' id='word_1_238' title='bbox 907 2993 963 3052; x_wconf 91' lang='lat' dir='ltr'>sub</span> <span class='ocrx_word' id='word_1_239' title='bbox 978 3013 1021 3073; x_wconf 89' lang='lat' dir='ltr'>pa·</span> 
     </span>
     <span class='ocr_line' id='line_1_34' title="bbox 76 3072 490 3153; baseline -0.007 -18"><span class='ocrx_word' id='word_1_240' title='bbox 76 3074 131 3137; x_wconf 87' lang='lat' dir='ltr'>tris</span> <span class='ocrx_word' id='word_1_241' title='bbox 147 3083 296 3153; x_wconf 88' lang='lat' dir='ltr'>potestate</span> <span class='ocrx_word' id='word_1_242' title='bbox 309 3072 490 3132; x_wconf 87' lang='lat' dir='ltr'>constituti?</span> 
     </span>
    </p>

    <p class='ocr_par' dir='ltr' id='par_1_13' title="bbox 74 3150 1021 3389">
     <span class='ocr_line' id='line_1_35' title="bbox 117 3150 1021 3230; baseline -0.004 -14"><span class='ocrx_word' id='word_1_243' title='bbox 117 3154 159 3217; x_wconf 86' lang='lat' dir='ltr'>ll.</span> <span class='ocrx_word' id='word_1_244' title='bbox 173 3154 213 3213; x_wconf 81' lang='lat' dir='ltr'>R.</span> <span class='ocrx_word' id='word_1_245' title='bbox 228 3152 467 3220; x_wconf 81' lang='lat' dir='ltr'>Praenotandum,</span> <span class='ocrx_word' id='word_1_246' title='bbox 478 3151 556 3210; x_wconf 92' lang='lat' dir='ltr'>bona</span> <span class='ocrx_word' id='word_1_247' title='bbox 564 3170 617 3210; x_wconf 91' lang='lat' dir='ltr'>seu</span> <span class='ocrx_word' id='word_1_248' title='bbox 628 3151 743 3230; x_wconf 90' lang='lat' dir='ltr'>peculia</span> <span class='ocrx_word' id='word_1_249' title='bbox 755 3150 1021 3212; x_wconf 80' lang='lat' dir='ltr'>filiorum-familias</span> 
     </span>
     <span class='ocr_line' id='line_1_36' title="bbox 74 3230 1021 3310; baseline -0.003 -16"><span class='ocrx_word' id='word_1_250' title='bbox 74 3253 139 3294; x_wconf 90' lang='lat' dir='ltr'>esse</span> <span class='ocrx_word' id='word_1_251' title='bbox 153 3230 366 3310; x_wconf 80' lang='lat' dir='ltr'>quadruplicia,</span> <span class='ocrx_word' id='word_1_252' title='bbox 381 3231 492 3291; x_wconf 85' lang='lat' dir='ltr'>scilicet</span> <span class='ocrx_word' id='word_1_253' title='bbox 506 3232 676 3303; x_wconf 76' lang='lat' dir='ltr'>castrensia,</span> <span class='ocrx_word' id='word_1_254' title='bbox 695 3232 966 3310; x_wconf 87' lang='lat' dir='ltr'>quasi-castrensia,</span> <span class='ocrx_word' id='word_1_255' title='bbox 978 3233 1021 3291; x_wconf 90' lang='lat' dir='ltr'>ad·</span> 
     </span>
     <span class='ocr_line' id='line_1_37' title="bbox 75 3310 428 3389; baseline -0.008 -18"><span class='ocrx_word' id='word_1_256' title='bbox 75 3313 201 3373; x_wconf 88' lang='lat' dir='ltr'>ventitia</span> <span class='ocrx_word' id='word_1_257' title='bbox 214 3310 428 3389; x_wconf 77' lang='lat' dir='ltr'>&amp;profectitia</span> 
     </span>
    </p>

    <p class='ocr_par' dir='ltr' id='par_1_14' title="bbox 77 3388 1021 3547">
     <span class='ocr_line' id='line_1_38' title="bbox 118 3388 1021 3469; baseline -0.001 -18"><span class='ocrx_word' id='word_1_258' title='bbox 118 3393 177 3451; x_wconf 87' lang='lat' dir='ltr'>lll.</span> <span class='ocrx_word' id='word_1_259' title='bbox 199 3389 369 3451; x_wconf 78' lang='lat' dir='ltr'>Castrensis</span> <span class='ocrx_word' id='word_1_260' title='bbox 392 3399 557 3469; x_wconf 74' lang='lat' dir='ltr'>suntque</span> <span class='ocrx_word' id='word_1_261' title='bbox 580 3390 649 3449; x_wconf 88' lang='lat' dir='ltr'>liliis</span> <span class='ocrx_word' id='word_1_262' title='bbox 671 3388 835 3450; x_wconf 87' lang='lat' dir='ltr'>obveniunt</span> <span class='ocrx_word' id='word_1_263' title='bbox 858 3410 897 3448; x_wconf 87' lang='lat' dir='ltr'>ex</span> <span class='ocrx_word' id='word_1_264' title='bbox 918 3391 1021 3450; x_wconf 85' lang='lat' dir='ltr'>militis</span> 
     </span>
     <span class='ocr_line' id='line_1_39' title="bbox 77 3468 523 3547; baseline -0.016 -12"><span class='ocrx_word' id='word_1_265' title='bbox 77 3471 209 3535; x_wconf 76' lang='lat' dir='ltr'>seculari</span> <span class='ocrx_word' id='word_1_266' title='bbox 218 3469 267 3529; x_wconf 85' lang='lat' dir='ltr'>rel</span> <span class='ocrx_word' id='word_1_267' title='bbox 281 3468 308 3547; x_wconf 90' lang='lat' dir='ltr'>ej</span> <span class='ocrx_word' id='word_1_268' title='bbox 313 3488 346 3527; x_wconf 91' lang='lat' dir='ltr'>os</span> <span class='ocrx_word' id='word_1_269' title='bbox 360 3470 523 3529; x_wconf 88' lang='lat' dir='ltr'>occasione.</span> 
     </span>
    </p>

    <p class='ocr_par' dir='ltr' id='par_1_15' title="bbox 67 3547 1021 3784">
     <span class='ocr_line' id='line_1_40' title="bbox 114 3547 1021 3626; baseline -0.003 -15"><span class='ocrx_word' id='word_1_270' title='bbox 114 3551 170 3611; x_wconf 90' lang='lat' dir='ltr'>lv.</span> <span class='ocrx_word' id='word_1_271' title='bbox 185 3549 453 3624; x_wconf 87' lang='lat' dir='ltr'>Quasi-castrensia</span> <span class='ocrx_word' id='word_1_272' title='bbox 473 3558 551 3620; x_wconf 90' lang='lat' dir='ltr'>sunt,</span> <span class='ocrx_word' id='word_1_273' title='bbox 573 3568 638 3626; x_wconf 85' lang='lat' dir='ltr'>quae</span> <span class='ocrx_word' id='word_1_274' title='bbox 647 3549 716 3607; x_wconf 87' lang='lat' dir='ltr'>filiis</span> <span class='ocrx_word' id='word_1_275' title='bbox 727 3547 890 3608; x_wconf 85' lang='lat' dir='ltr'>obveniunt</span> <span class='ocrx_word' id='word_1_276' title='bbox 900 3567 940 3607; x_wconf 89' lang='lat' dir='ltr'>ex</span> <span class='ocrx_word' id='word_1_277' title='bbox 949 3550 1021 3608; x_wconf 85' lang='lat' dir='ltr'>mili·</span> 
     </span>
     <span class='ocr_line' id='line_1_41' title="bbox 76 3628 1021 3708; baseline 0.001 -19"><span class='ocrx_word' id='word_1_278' title='bbox 76 3632 119 3690; x_wconf 89' lang='lat' dir='ltr'>tia</span> <span class='ocrx_word' id='word_1_279' title='bbox 129 3649 220 3699; x_wconf 87' lang='lat' dir='ltr'>sacra,</span> <span class='ocrx_word' id='word_1_280' title='bbox 241 3649 269 3688; x_wconf 81' lang='lat' dir='ltr'>s.</span> <span class='ocrx_word' id='word_1_281' title='bbox 284 3649 313 3707; x_wconf 84' lang='lat' dir='ltr'>g.</span> <span class='ocrx_word' id='word_1_282' title='bbox 327 3648 366 3688; x_wconf 89' lang='lat' dir='ltr'>ex</span> <span class='ocrx_word' id='word_1_283' title='bbox 380 3628 532 3698; x_wconf 85' lang='lat' dir='ltr'>beneflcio,</span> <span class='ocrx_word' id='word_1_284' title='bbox 546 3630 604 3687; x_wconf 85' lang='lat' dir='ltr'>vel.</span> <span class='ocrx_word' id='word_1_285' title='bbox 617 3649 656 3688; x_wconf 87' lang='lat' dir='ltr'>ex</span> <span class='ocrx_word' id='word_1_286' title='bbox 665 3628 772 3688; x_wconf 89' lang='lat' dir='ltr'>militia</span> <span class='ocrx_word' id='word_1_287' title='bbox 781 3640 893 3706; x_wconf 81' lang='lat' dir='ltr'>togata,</span> <span class='ocrx_word' id='word_1_288' title='bbox 904 3649 933 3686; x_wconf 85' lang='lat' dir='ltr'>v.</span> <span class='ocrx_word' id='word_1_289' title='bbox 944 3651 975 3708; x_wconf 82' lang='lat' dir='ltr'>g.</span> <span class='ocrx_word' id='word_1_290' title='bbox 989 3651 1021 3690; x_wconf 73' lang='lat' dir='ltr'>er</span> 
     </span>
     <span class='ocr_line' id='line_1_42' title="bbox 67 3708 961 3784; baseline -0.002 -16"><span class='ocrx_word' id='word_1_291' title='bbox 67 3709 166 3774; x_wconf 71' lang='lat' dir='ltr'>officio</span> <span class='ocrx_word' id='word_1_292' title='bbox 180 3708 343 3784; x_wconf 79' lang='lat' dir='ltr'>Advocati,</span> <span class='ocrx_word' id='word_1_293' title='bbox 359 3709 382 3772; x_wconf 86' lang='lat' dir='ltr'>J</span> <span class='ocrx_word' id='word_1_294' title='bbox 384 3708 486 3784; x_wconf 88' lang='lat' dir='ltr'>udicis,</span> <span class='ocrx_word' id='word_1_295' title='bbox 501 3714 552 3770; x_wconf 82' lang='lat' dir='ltr'>&amp;c</span> <span class='ocrx_word' id='word_1_296' title='bbox 572 3708 692 3770; x_wconf 81' lang='lat' dir='ltr'>eutelio</span> <span class='ocrx_word' id='word_1_297' title='bbox 706 3728 767 3769; x_wconf 90' lang='lat' dir='ltr'>non</span> <span class='ocrx_word' id='word_1_298' title='bbox 779 3708 961 3769; x_wconf 87' lang='lat' dir='ltr'>mechanico.</span> 
     </span>
    </p>
   </div>
   <div class='ocr_carea' id='block_1_7' title="bbox 0 0 1099 4036">
    <p class='ocr_par' dir='ltr' id='par_1_16' title="bbox 0 0 1099 4036">
     <span class='ocr_line' id='line_1_43' title="bbox 0 0 1099 4036; baseline 0 0"><span class='ocrx_word' id='word_1_299' title='bbox 0 0 1099 4036; x_wconf 95' lang='lat' dir='ltr'> </span> 
     </span>
    </p>
   </div>
  </div>
 </body>
</html>
