2160 4034
57 132 120 197 '286
436 133 634 194 'emunitus
698 150 712 173 ·=

62 258 195 317 irascens
209 263 262 315 aut
275 253 348 334 quid
361 252 458 316 simile
478 275 579 334 agens,
600 274 640 314 cx
652 264 713 334 qno
725 238 904 333 previdere
915 226 1009 332 p'otedt

65 347 98 396 ct
111 335 201 396 debet
215 334 351 394 abortum
365 345 545 395 secuturum.
587 335 671 395 Idem
689 334 737 394 dic
749 332 788 393 de
801 333 870 392 viro
883 333 1008 411 graviter

64 417 252 495 percutiente
265 414 419 474 mulierem
433 423 647 493 pregnantsm,
660 415 713 472 dcc.

107 495 159 553 Au
172 495 243 553 licet
252 494 342 553 matri
356 514 472 553 sumere
514 494 682 553 hcrmacum
702 492 739 551 cd
754 494 800 550 sul
813 490 1006 550 conservatio·

67 592 147 642 nem,
161 593 202 632 ex
215 593 274 653 qno
288 572 376 632 simul
389 514 553 652 pericubrm
567 581 615 632 'est
627 571 773 632 abortiis?
915 600 919 607 ¹

109 653 167 715 vl.
187 653 227 712 R.
247 653 281 713 si
298 652 489 730 pharmacum
509 651 590 711 istud
609 651 723 710 directe
736 653 763 710 ir
776 670 816 709 ex
834 658 945 708 natura
962 652 1026 733 W

68 732 224 791 ordinetur
233 731 271 791 ad
279 730 488 809 expellendum
499 731 603 790 foetum
615 731 679 790 sive
689 730 862 798 animatum,
877 730 940 787 sive
953 728 1003 788 iun·
1023 736 1026 769 ²

68 812 222 881 nimatum,
235 816 262 870 dc
272 810 388 886 etiamsi
401 820 485 870 certa
494 809 631 870 videatur
644 809 799 888 utriusque
812 828 903 877 mors,
918 808 1002 867 sinon
1023 812 1026 819 '

65 889 244 950 abhibeatnr
257 889 337 948 istud
351 890 565 960 remedium&
581 889 640 948 isto
654 887 788 949 adhibito
801 886 955 966 probabile
967 887 1004 957 sit,
1022 912 1025 939 :

67 978 195 1029 matrem
206 969 424 1047 servariposse,
438 968 534 1028 adbuc
547 979 645 1028 tamen
660 967 795 1027 illicitum
806 966 1002 1044 esttalepbar·
1022 960 1024 973 '

66 1068 184 1109 mecum
196 1067 322 1118 sumere,
336 1058 371 1106 ut
382 1048 536 1107 Autbores
546 1047 743 1108 communiter
755 1046 927 1106 resolvunt:
947 1046 1003 1124 quin

68 1127 127 1195 boc
139 1138 187 1187 eat
198 1128 311 1188 directe
324 1146 485 1206 procurare
498 1128 645 1197 abortum,
657 1125 736 1208 quod
749 1145 900 1207 nunquam
912 1123 987 1185 licet.
1022 1124 1025 1129 ’

108 1210 156 1266 2⁰.
179 1209 211 1267 si
223 1208 313 1267 foetus
327 1207 367 1267 ait
379 1209 534 1277 animatus,
555 1208 604 1266 vel
618 1205 780 1275 dubitetur,
801 1225 838 1265 an
860 1205 900 1264 sit
921 1205 1026 1285 (qucdf

65 1285 191 1346 'dubium
201 1306 320 1365 sempor
328 1285 447 1364 subest)
459 1285 543 1345 nullo
551 1286 641 1345 modo
650 1285 722 1344 licet
731 1284 874 1344 abhibere
881 1283 1004 1363 pharma·
1021 1288 1026 1335 ’ἱ

69 1385 136 1425 cum
150 1366 262 1425 directe
276 1368 441 1426 curativum
452 1366 632 1425 matriacum
647 1364 780 1445 periculo
798 1365 906 1422 mortis
922 1363 1004 1433 fatie
1023 1378 1026 1417 l

20 1508 23 1513 ,
69 1445 141 1527 quic
160 1454 280 1505 tenetur
299 1456 394 1505 mater
407 1464 559 1523 exponere
576 1445 668 1504 vitam
688 1443 874 1522 corporalem
886 1443 1026 1522 proritat

76 1523 224 1604 spirituali
238 1524 330 1604 prolis
343 1525 501 1584 existentis
514 1526 546 1582 in
559 1534 694 1584 extrema
707 1523 896 1583 necessitate.
951 1530 954 1537 '
1023 1518 1026 1545 ¹

114 1604 196 1678 Quid
210 1604 245 1674 si,
258 1605 316 1664 uiui
330 1615 463 1663 sumatur
477 1604 675 1684 pharmacum,
694 1612 791 1663 meter
803 1605 887 1664 certo
903 1602 943 1662 sit
953 1620 1006 1663 mo·

70 1683 167 1743 ritura
179 1683 268 1742 simul
278 1703 344 1743 cum
358 1683 433 1743 foetn
447 1682 595 1762 &absque
609 1681 808 1760 baptismate?
1021 1678 1025 1685 ’

63 1802 68 1813 ·
110 1763 150 1823 R.
171 1763 312 1842 steyaert
326 1764 356 1820 in
371 1763 427 1822 boc
440 1764 595 1841 supposito
613 1761 795 1840 speculativo
808 1761 944 1840 iniquum
956 1780 1008 1820 nor

68 1841 175 1912 videri,
190 1843 215 1900 si
229 1851 444 1919 serveturque
458 1851 568 1919 potest,
588 1847 614 1900 ἃ
627 1842 727 1919 perire
740 1841 864 1913 sinatur,
888 1842 1009 1921 quierat

90 1922 229 1980 eriturus.
587 1925 591 1931 '
727 1926 731 1933 '
848 1926 852 1933 ’

67 1939 89 1998 p
109 1999 223 2060 Verdm
237 1999 336 2078 quoad
356 1999 474 2077 praxim
494 1998 650 2058 dicendum
671 2018 738 2059 cnm
759 2000 916 2071 Daelman,
936 1998 1011 2059 istud

69 2079 253 2157 suppositum
265 2078 317 2137 vix
327 2097 456 2159 unquam
465 2098 553 2155 posse
567 2098 631 2138 esse
645 2088 772 2149 certum;
792 2099 861 2138 nam
874 2098 935 2139 non
947 2098 1012 2139 con·

69 2153 171 2228 stabit,
193 2159 311 2217 mortni
325 2168 420 2217 matre
439 2158 544 2217 fctum
563 2178 623 2218 non
644 2178 732 2238 posse
752 2159 886 2218 exscindi
909 2159 1013 2230 vivum,

68 2256 166 2317 neque
180 2249 261 2297 certe
274 2238 343 2296 sciri
357 2247 467 2317 potest,
487 2256 524 2296 cu
538 2247 635 2297 mater
647 2238 712 2298 sine
724 2237 779 2297 tuli
791 2238 925 2303 remedio
937 2239 1015 2299 forte

68 2317 276 2395 supervictura
284 2337 344 2376 non
358 2317 407 2387 sit,
418 2337 484 2376 cum
499 2320 529 2375 in
543 2316 688 2377 similibus
699 2318 900 2396 expertissimi
909 2317 1015 2378 medici

69 2414 150 2474 sape
163 2395 312 2455 fallantur.
352 2397 472 2456 Deinde
485 2397 511 2456 si
523 2397 580 2456 boc
590 2397 773 2477 suppositum
786 2396 876 2456 semel
887 2399 1016 2476 practice

65 2473 288 2547 admitteretur,
302 2475 366 2555 jam
379 2476 542 2554 fingeretur
555 2477 719 2555 periculum
733 2477 931 2549 incertitudo,
953 2487 1017 2557 qua

67 2572 128 2614 non
143 2556 277 2627 subsunt,
291 2559 318 2614 8ι
332 2558 374 2614 ita
387 2575 465 2635 saepe
479 2556 601 2615 daretur
614 2576 686 2616 ansa
699 2558 803 2616 foetum
818 2556 999 2635 expellendi.

110 2635 299 2695 conveniunt
312 2635 431 2695 interim
448 2635 609 2707 Autbores,
629 2637 708 2716 quod
722 2639 748 2694 si
761 2637 801 2696 sit
814 2635 926 2717 equale
940 2636 1017 2715 peri·

69 2714 169 2773 culum
179 2715 274 2786 foetui,
288 2716 352 2774 sive
365 2715 529 2774 remedium
541 2725 675 2775 sumatur
686 2717 749 2775 sire
761 2735 831 2786 non,
844 2725 917 2774 tunc
928 2714 1019 2777 liceat

69 2793 159 2852 matri
173 2794 246 2854 illud
261 2814 388 2865 sumere,
403 2795 472 2873 quia
486 2814 525 2854 ex
538 2794 595 2853 boc
608 2815 668 2854 non
682 2795 809 2856 infertur
822 2795 909 2854 foetui
921 2796 1020 2876 majus

68 2872 244 2951 periculum,
258 2880 284 2933 δε
298 2872 461 2933 consulitur
474 2873 543 2933 vitae
556 2874 669 2934 matris.
871 2887 874 2891 '

111 2951 144 3011 Si
159 2962 294 3013 constare
305 2963 416 3032 posset,
426 2954 531 3013 foetum
541 2974 600 3014 non
613 2974 679 3013 esse
692 2954 862 3024 animatum,
876 2956 1019 3037 dimeter,

70 3031 129 3088 nisi
142 3032 306 3091 remedium
326 3043 432 3103 sumat,
455 3033 494 3092 sit
507 3033 669 3103 moritum
689 3043 760 3093 tunc
772 3034 890 3092 admitti
904 3038 1018 3112 pnss'et,

71 3119 195 3168 matrem
208 3112 252 3169 uti
266 3130 354 3189 posse
374 3112 600 3183 medicamento,
623 3114 702 3191 quod
723 3123 770 3172 est
783 3112 895 3173 directe
909 3114 1017 3173 curati·

68 3208 141 3248 sum
154 3190 265 3260 matris,
280 3196 306 3249 δε
320 3211 374 3271 per
387 3211 419 3250 se
432 3211 491 3250 uon
506 3192 603 3250 tendit
615 3191 654 3250 ad
668 3191 862 3262 abortionem,
882 3194 1016 3272 quamvis

69 3268 234 3348 periculum
249 3269 298 3339 sit,
312 3290 350 3330 ue
364 3270 434 3330 inde
448 3269 570 3331 abortus
584 3283 735 3350 sequatur,
749 3272 837 3332 modo
852 3283 949 3332 mater
960 3272 1014 3335 alit

69 3348 202 3408 remedio
216 3349 322 3408 salvari
343 3361 481 3427 nequeat,
507 3350 576 3428 quia
599 3361 670 3410 tunc
691 3351 807 3410 abortio
826 3352 907 3412 foret
921 3352 1014 3412 solum

67 3427 221 3506 permissa,
235 3448 294 3487 uon
308 3441 474 3506 procurata.
515 3430 548 3490 Si
557 3439 656 3489 tamen
669 3430 831 3509 periculum
841 3433 947 3492 mortis
958 3453 1014 3494 nou

67 3508 238 3567 immineret
247 3508 335 3566 matri
346 3524 385 3567 ex
396 3508 500 3570 morbo
511 3509 648 3581 naturali,
658 3509 711 3569 sed
721 3510 849 3583 aliunde,
856 3532 884 3571 v.
893 3531 923 3591 g.
934 3512 1015 3592 qubd

66 3587 267 3664 provideatur
287 3587 456 3659 occidenda,
480 3588 529 3648 vel
542 3588 572 3648 in
586 3599 675 3669 partu
696 3591 850 3666 moritura,
873 3602 944 3651 tunc
964 3592 1013 3651 tali

46 3666 295 3739 vremedionullo
309 3667 581 3750 modoutipnsret.
757 3668 760 3676 '
