2160 4034
6 3818 26 3973 l

351 191 395 232 nn
414 189 496 233 sess
517 190 559 271 pr
578 188 733 235 insutum.
986 167 1024 224 31

53 328 95 390 N.
132 332 188 391 20.
250 330 311 393 DE
346 330 691 404 ALLUVIONIBUS,
727 326 918 397 PASCUiss,
960 322 1019 383 ET

299 409 454 472 SYLVIS
476 409 783 475 COMMUNIBUS.

54 529 79 587 l·
117 529 217 608 Cipus
240 533 281 591 sit
310 531 428 590 euterio.
480 529 523 590 11.
542 531 655 594 Insula.
709 529 770 591 111.
803 530 851 591 De
875 526 962 604 sylvis
988 524 1015 600 li*

86 613 215 704 poscetis
239 610 440 671 communibus.
493 610 548 704 ly·
572 612 661 684 Quid,
680 612 750 671 dnm
769 621 809 669 est
826 608 953 704 dubium,
974 623 1015 698 un

94 699 160 827 ⁸51²
180 709 353 829 &zanzu-
394 688 433 750 V.
456 689 539 762 Quid
562 692 597 753 ds
615 691 704 769 sylvis
720 690 746 766 ἅ·
761 709 879 768 pascuu
904 685 1014 748 demus.

150 809 159 826 ·
327 788 494 848 WP'W·

96 925 304 987 ABLUVIO
325 937 380 996 est,
395 927 455 1005 qui
467 946 536 1005 pars
551 938 639 988 terre
652 927 864 993 insensibiliter
874 923 1016 988 scerescit

58 1005 131 1082 ripn
157 1004 312 1065 tiu-inias
346 1006 384 1066 de
407 1026 443 1066 ea
463 1007 506 1067 sio
529 1007 661 1086 disponit
679 1006 731 1086 jue
745 1006 796 1071 lib.
822 1010 851 1065 2.
881 1005 955 1064 lust.
997 1001 1013 1083 ᾖ

59 1085 252 1143 Perseum
265 1087 313 1144 2⁰.
352 1085 475 1159 “Quod
490 1105 544 1163 per
556 1087 735 1149 alluvionem
750 1106 823 1167 agro
838 1097 891 1145 tuo
904 1083 1016 1147 flumen

58 1173 78 1201 ‘¹
90 1161 207 1240 adjicit,
224 1163 296 1242 jure
309 1164 443 1242 gentium
458 1164 514 1224 tibi
528 1167 720 1243 aequiritur.”

97 1252 115 1280 “
132 1242 228 1317 Quod
242 1244 268 1303 si
282 1244 327 1302 vis
337 1244 494 1322 repentine
512 1244 642 1304 fluminis
656 1246 694 1309 de
708 1256 760 1307 tuo
775 1243 887 1323 precio
901 1252 1016 1321 purtem

57 1333 76 1362 “
88 1321 530 1400 aliquemdetrsxerit&riciui
536 1322 1019 1402 prediosttuleritpalsmestesm

61 1413 77 1440 ‘³
88 1412 173 1461 tuam
184 1421 326 1472 manem
346 1403 371 1461 si
381 1413 479 1463 nmen
489 1404 617 1481 longiori
627 1415 762 1483 tempore
770 1402 864 1463 fundo
875 1400 963 1461 vicini
972 1399 1018 1457 tui

59 1482 225 1552 “lraeserit‚
245 1482 427 1560 arboresque
438 1501 512 1560 quae
525 1503 625 1546 secum
639 1485 742 1554 trull,
763 1484 794 1545 in
813 1479 1017 1557 seminudum

61 1571 74 1598 ‘⁴
85 1560 208 1620 radices
230 1563 358 1639 egerint,
379 1562 471 1621 exeo'
492 1573 628 1640 tempore
651 1563 791 1625 videntur
811 1561 901 1620 vicini
922 1550 1015 1619 fundo

60 1649 75 1679 “
86 1640 249 1719 requisites
260 1641 353 1701 esse.'’
394 1640 509 1702 Ibidem
524 1641 551 1723 §-
574 1643 669 1717 Quen
681 1659 711 1703 st
725 1660 773 1705 vis
787 1644 835 1701 21.

94 1720 138 1781 11.
161 1720 278 1790 hanla,
298 1721 408 1799 quein
428 1722 503 1783 meri
518 1731 589 1785 nete
598 1735 654 1794 est,
674 1719 1017 1800 iitpriruooccupautiss

59 1798 134 1858 idem
145 1798 199 1858 dio
213 1800 253 1859 da
263 1800 359 1859 insule
372 1799 484 1861 dudum
492 1800 530 1861 sb
541 1801 758 1861 hebitstoribus
772 1801 901 1861 deserta.

92 1878 202 1938 Insula
221 1880 252 1938 in
266 1879 388 1940 tiumiue
401 1890 480 1950 nats,
501 1892 548 1940 est
558 1881 682 1941 Domini
694 1881 788 1950 fluvii,
809 1879 858 1940 vel
872 1880 897 1937 si
912 1876 1017 1936 Domi·

53 1977 124 2018 num
138 1979 205 2096 pon
219 1958 336 2032 labent,
357 1971 404 2021 eet
427 1959 555 2031 illorum,
580 1961 632 2040 qui
655 1962 747 2040 prope
765 1960 862 2039 ripam
872 1956 1017 2039 prndium

56 2038 137 2117 possi
159 2048 227 2097 ent.

90 2118 172 2177 Hoc
185 2117 307 2196 dejure
321 2119 489 2179 communis
511 2119 565 2180 sed
579 2119 734 2199 Principes
748 2119 839 2181 etism
850 2117 960 2179 insoles
970 2136 1018 2176 so·

53 2198 118 2258 lent
130 2197 195 2256 sibi
210 2198 372 2258 vindicare.

91 2277 175 2336 Suet
199 2279 227 2336 b
253 2277 304 2336 alii
328 2278 411 2338 modi
431 2275 605 2356 acquirendi
625 2278 801 2349 dominium,
826 2277 938 2338 scilicet
964 2294 1019 2353 per

51 2357 270 2426 sccsmienem,
291 2358 505 2429 confusionem,
520 2357 780 2435 specificationum.
794 2355 1020 2420 &commixtio-

53 2455 135 2506 nem,
155 2435 198 2495 de
213 2436 322 2515 quibus
334 2437 456 2496 consule
473 2437 636 2497 Authnret.

94 2515 182 2589 Quid
207 2515 369 2575 dicendum
388 2516 427 2576 de
441 2516 533 2594 sylvis
546 2522 572 2577 u
585 2517 702 2595 pusouis
716 2513 930 2585 communibus,
952 2532 1018 2591 qun

56 2604 199 2674 spectent
211 2594 252 2654 sci
265 2608 378 2655 cutem
393 2596 662 2657 communitatem?

93 2674 158 2733 111.
181 2676 222 2735 n.
240 2677 285 2734 1⁹.
306 2675 449 2752 higratio
460 2675 490 2733 in
499 2675 593 2752 sylvis
605 2670 1018 2752 communibusnpstulatio

54 2755 82 2812 in
92 2752 207 2813 talibus
216 2753 335 2835 pascuis
344 2753 479 2833 legitime
489 2755 577 2814 alteri
583 2755 716 2825 elocutis,
722 2765 768 2817 est
778 2772 885 2847 purum
895 2752 1019 2811 furtum.

92 2835 144 2892 2⁹.
169 2833 205 2894 st
220 2835 369 2912 pmcne&
384 2833 476 2912 sylvae
490 2835 564 2895 nulli
578 2835 698 2913 quidem
713 2832 886 2911 particulari
909 2830 1024 2897 elocuta

57 2913 125 2984 siut,
134 2911 193 2973 sed
201 2912 402 2973 communitas
412 2913 622 2991 prohibemns
631 2914 697 2991 quis
708 2912 848 2991 privatim
858 2910 1019 2988 quidqwm

57 3003 235 3063 mutrnctet,
243 3003 278 3051 ut
288 3012 345 3051 suc
360 3003 495 3071 tompore
505 2992 665 3053 venditam
679 2991 899 3055 communitatis
910 2989 1020 3049 mnam

56 3072 258 3151 applicentur,
281 3073 371 3130 etism
387 3082 458 3132 tunc
472 3072 666 3131 dubitandum
681 3082 804 3139 nonest,
820 3070 917 3148 inquit
928 3068 1019 3128 Dael·

55 3171 134 3223 man,
159 3152 238 3231 quis
253 3152 388 3230 graviter
401 3163 513 3231 peccet,
528 3152 752 3212 &restitutioni
766 3149 913 3209 obnoxius
927 3149 977 3219 sit,
998 3150 1022 3205 si

53 3232 117 3324 quis
133 3231 175 3291 de
190 3232 407 3291 communitate
420 3231 582 3291 notabilem
597 3232 666 3294 inde
680 3231 876 3310 quantitatem
892 3228 1017 3297 auferet,

50 3311 119 3370 hcet
139 3311 303 3390 wigger,
319 3312 470 3390 Steysert,
483 3311 652 3371 &Billusrt
662 3312 829 3370 sustineant
839 3309 1019 3386 oppositum.

92 3391 192 3452 Ratio
207 3402 266 3462 est,
293 3390 375 3470 quod
394 3392 445 3471 jus
471 3392 655 3471 privatorum
679 3389 787 3449 cedere
809 3387 918 3449 debent
942 3385 1020 3447 bono

58 3471 232 3529 communi:
253 3470 389 3548 adeoque
413 3471 608 3530 communitas
632 3470 727 3548 possit
740 3467 779 3527 od
801 3471 896 3545 majus
910 3466 1021 3529 bonum

55 3569 218 3610 commune
236 3547 464 3628 particularibus
473 3550 590 3610 auferre
597 3549 648 3628 jus
656 3547 726 3608 iude
735 3547 847 3625 aliquid
858 3546 1023 3605 auferendi.

93 3631 128 3690 si
139 3642 245 3690 tamen
250 3629 414 3708 prohibitio
423 3630 539 3690 tentum
547 3629 637 3700 foret,
644 3649 681 3688 ne
691 3629 720 3686 in
731 3639 816 3705 prata
825 3625 1024 3683 immittantur

57 3728 166 3788 pecora
180 3720 256 3772 aute
269 3721 384 3773 certum
393 3720 521 3789 tempus,
535 3708 584 3768 vel
595 3709 673 3771 ultra
681 3708 912 3769 determinatum
921 3724 1023 3766 nume·

522 3807 540 3850 c
560 3791 580 3847 3
