2160 4034
59 157 99 215 60
440 171 627 219 amerinus

80 311 121 372 N.
137 313 186 372 39.
226 311 287 373 DE
305 310 608 374 NECESSITATE
629 312 988 378 RESTITUTIONIS.

297 434 332 495 S.
358 435 455 495 ibant
474 445 572 514 quoest.
592 439 641 496 62.
661 446 717 495 ert.
738 439 768 494 2.

1 536 6 542 ¹
62 555 86 614 Ι.
118 553 167 616 Pr
269 575 296 615 m
321 560 512 619 semeonis.
574 557 616 617 11.
659 557 807 618 Primcrio*
831 559 1006 632 mondoum·

98 631 187 774 'Iuppi‘
223 656 261 695 on
282 647 323 696 est
343 640 498 698 necmsorio
523 639 679 698 necessitate
698 639 792 698 medii.
834 637 892 698 1v.
910 635 1010 697 Error

102 734 307 887 QdAENAM
319 824 366 875 est
379 815 539 876 necessitas
553 816 776 875 restitutionis?

101 891 126 950 1.
139 892 187 1029 lib.
207 894 265 1032 Esp
277 896 443 956 necessaria
455 895 627 957 adsalutem
635 895 812 955 necessitate
825 894 1015 973 preceptiim

60 989 290 1035 mmmmm

101 1051 252 1111 Probatur
271 1073 310 1112 ex
325 1055 355 1112 A
377 1063 433 1113 ost.
447 1053 484 1114 ed
499 1055 589 1115 Rom.
601 1073 664 1132 cep.
681 1056 726 1112 13.
740 1052 779 1115 V.
793 1056 821 1112 7.
842 1062 860 1092 “
875 1052 1016 1119 nedum

61 1138 79 1168 “
90 1131 308 1209 ergoomnibus
318 1072 444 1193 debite.''
480 1135 564 1195 Idem
579 1134 790 1194 confirm'trunt
803 1133 857 1193 SS.
880 1135 1016 1201 Patrem!

60 1211 190 1269 maxime
214 1211 362 1272 celebrata
379 1222 449 1274 sunt
468 1212 560 1273 verbe
575 1214 605 1274 S.
619 1211 784 1291 Augustini
798 1213 896 1291 Epist
920 1213 961 1270 54
973 1212 1006 1271 ad

62 1289 271 1351 Macedonium
293 1293 320 1350 dr
339 1292 434 1352 relata
452 1293 540 1352 censi
553 1295 597 1352 lt
611 1304 706 1371 quaest
720 1296 748 1351 6.
769 1300 787 1330 “
804 1293 898 1352 Sires
912 1291 1005 1350 aliene

61 1376 81 1407 “
94 1379 219 1506 propter
232 1391 319 1450 qnam
333 1382 484 1450 peccatum
500 1381 555 1443 est,
576 1371 643 1431 edm
654 1372 741 1430 reddi
753 1371 858 1449 possit,
871 1391 932 1429 non
943 1369 1006 1428 red·

61 1454 80 1486 “
117 1448 185 1520 itur,
206 1470 265 1517 non
288 1453 389 1529 egitur
411 1451 595 1530 poenitentia,
622 1451 674 1510 sed
696 1451 837 1528 fingitur:
858 1451 884 1509 si
908 1459 1005 1509 autem

62 1534 81 1565 “
95 1529 241 1588 veraciter
250 1531 360 1608 egitur,
384 1552 441 1590 non
453 1531 617 1590 remittitur
626 1541 790 1609 peccatum,
804 1530 861 1588 nisi
871 1530 1008 1590 restitua-

62 1615 80 1644 “
94 1617 145 1666 tur
155 1607 304 1678 ablatum;
324 1609 386 1681 sed,
400 1621 435 1669 nt
448 1610 521 1680 dixi,
536 1609 601 1671 cum
616 1610 735 1670 restitui
744 1609 870 1688 potest.”

103 1687 253 1747 Probatur
263 1690 353 1748 etiem
374 1690 490 1751 ratione
505 1690 536 1750 S.
550 1689 658 1751 Thom.
674 1691 860 1767 Praeceptum
874 1685 1009 1747 naturale

63 1773 109 1826 est
135 1775 224 1828 “non
250 1768 380 1838 furari?
400 1770 483 1848 atqui
511 1769 647 1829 detinere
669 1767 780 1847 injuste
802 1767 942 1838 alienum,
965 1776 1011 1826 est

63 1845 275 1926 equivalentcr
294 1847 405 1918 fureri3
427 1868 502 1927 ergo
516 1847 651 1908 detinere
671 1849 780 1927 injuste
801 1847 940 1917 alienum,
968 1855 1013 1906 est

62 1935 166 1985 eontra
184 1925 237 2004 jus
258 1936 382 1999 nature,
402 1927 536 2006 adeoque
562 1927 714 1989 restitutio
742 1936 788 1987 est
806 1925 877 2006 jure
898 1935 1012 1986 natura

83 2023 159 2064 rece
180 2016 221 2066 te.
458 2028 462 2033 ’

61 2021 83 2081 p
103 2024 200 2159 Qudie
211 2096 261 2226 pst
273 2095 454 2166 preceptum
464 2085 673 2160 restitutionis,
687 2087 895 2146 affirmativum
906 2099 944 2145 en
958 2103 1013 2143 nc·

102 2164 197 2224 tivum

61 2181 146 2302 gaIl.
168 2245 206 2304 R„
227 2246 284 2304 Est
298 2245 416 2324 quidem
431 2245 640 2304 affirmativum
660 2245 821 2305 secundum
842 2242 1012 2321 expressio·

61 2341 149 2392 nem;
173 2325 225 2384 sed
248 2324 475 2401 fundumentum
488 2324 578 2384 babet
601 2325 632 2383 in
652 2326 709 2384 boc
722 2324 881 2404 negativos
904 2332 923 2360 “
937 2322 1011 2382 Non

62 2400 210 2462 detinebis
232 2402 361 2463 alienum
372 2404 397 2464 :”
420 2405 499 2463 uude
510 2403 620 2464 meriti>
634 2414 758 2464 vocetur
767 2402 909 2482 primarie
920 2418 1012 2480 nega·

61 2479 166 2552 tirum,
181 2484 208 2541 e
221 2483 396 2544 secunderib
411 2484 638 2543 affirmativum:
659 2504 693 2542 ec
706 2484 750 2542 ite
762 2482 915 2543 reducitur
927 2481 969 2541 ed
983 2484 1011 2538 7.

62 2560 208 2641 Decelogi
222 2574 421 2641 preceptumt
442 2571 460 2600 “
471 2562 543 2621 Non
556 2563 669 2622 furtum
678 2562 796 2622 facies.’'

102 2640 184 2699 Hinc
197 2642 352 2720 suppositi
369 2641 453 2721 justit
466 2642 555 2700 censi
564 2642 763 2701 excusationis
783 2651 835 2701 eut
848 2638 1013 2709 dilationis,

82 2720 151 2778 uem
161 2720 291 2798 primirm
302 2721 454 2781 moraliter
459 2721 611 2781 restitutio
622 2732 668 2781 est
676 2721 823 2780 faciende:
832 2739 899 2779 nam
930 2738 1013 2779 nam·

62 2739 113 2856 diu
132 2798 199 2877 quis
213 2801 433 2875 restitutionem
456 2799 592 2878 negligit,
615 2821 666 2860 sen
681 2800 822 2879 quamdin
845 2818 905 2857 non
941 2798 1013 2858 ebat

63 2877 169 2935 scriem
184 2880 368 2939 voluntatem
381 2879 568 2950 restituendi,
589 2880 703 2940 tamdiu
724 2889 824 2938 manet
848 2879 879 2936 in
901 2877 1010 2937 effectu

84 2958 186 3015 cecati.

61 2974 83 3033 p
103 3035 161 3095 Rei
175 3036 268 3115 igitur
281 3037 391 3117 injusti
402 3037 507 3098 ablate
517 3047 569 3097 aut
580 3039 718 3109 detentu,
731 3036 780 3097 vel
793 3036 892 3096 damni
900 3036 1012 3114 injuste

62 3111 149 3185 illati,
175 3117 327 3177 restitutio
341 3118 473 3189 actualis,
500 3116 553 3175 ubi
566 3118 714 3195 possibilis
729 3127 783 3187 est,
808 3119 853 3175 sin
867 3114 968 3174 minuis
981 3116 1010 3173 in

63 3204 135 3252 voto
148 3196 211 3254 sive
225 3196 256 3254 in
269 3196 432 3275 proposito,
447 3209 493 3256 est
506 3198 672 3256 necessarie
684 3196 723 3255 ed
736 3196 872 3265 sulutem,
887 3195 911 3252 si
925 3193 1011 3252 nimi·

63 3291 130 3332 rum
144 3275 183 3333 sit
197 3294 245 3335 res
255 3276 374 3353 grevis3
395 3295 460 3335 uam
476 3277 500 3334 si
514 3294 563 3334 res
578 3278 617 3335 sit
629 3276 714 3347 levis,
735 3275 886 3335 restitutio
894 3273 1011 3351 regula·

63 3353 141 3414 riter
151 3352 264 3431 obligat
278 3352 409 3414 sublev-i.
1003 3348 1006 3357 '

103 3433 155 3491 An
165 3433 316 3493 restitutio
325 3434 415 3493 etiem
426 3435 592 3496 necessarie
600 3444 647 3494 est
654 3432 692 3492 ed
701 3433 828 3493 salutem
834 3431 1012 3491 necessitate

64 3513 184 3573 medii?

104 3591 165 3651 111.
184 3591 225 3652 R.
245 3591 414 3670 Negetive:
440 3594 600 3672 nequidem
627 3591 659 3665 in
682 3600 762 3660 voto,
790 3588 816 3648 si
837 3590 958 3668 proprie
985 3591 1011 3648 ds

64 3669 167 3731 stricte
184 3670 355 3765 loquamur:
368 3690 437 3732 nem
452 3674 592 3751 ignorans
601 3669 812 3732 inuincibiliter
821 3689 853 3729 se
866 3669 1013 3731 restituti·

62 3748 113 3808 oni
128 3749 290 3811 obnoxium
300 3760 402 3831 potest
416 3750 532 3813 suberi.
