2160 4034
360 177 404 218 na
424 176 671 219 commensus.
929 164 988 222 808

65 281 165 354 Quid
180 291 226 344 est
238 282 393 359 legatum?

66 359 121 420 Π.
148 363 189 423 R„
209 363 375 422 Definitur:
396 370 415 399 “
429 361 540 420 ultimae
555 360 714 419 voluntatis
735 359 901 438 dispositio,
930 365 990 442 quis

49 449 173 501 estates
195 442 307 521 aliquid
321 441 412 500 donat
425 441 511 498 alicui
534 460 591 498 nou
611 440 746 498 haeredi.’'
788 441 873 518 Sapo
900 444 992 503 etiem

49 521 172 580 amitus·
185 542 239 599 pro
254 540 286 579 rc
300 519 352 578 illa
364 531 416 578 aut
430 519 562 598 pecunia,
575 539 641 600 quae
653 519 753 597 legato
767 519 871 580 relicta
884 532 939 582 est.

71 599 166 673 Quid
180 611 225 659 est
239 600 413 660 codicillus?
778 644 781 649 ·

74 676 145 738 Ill.
167 681 205 739 R.
228 679 388 739 Codicillus
403 687 448 736 est
463 677 547 757 quasi
561 697 669 756 parvus
692 677 788 737 codex
808 682 989 742 testamenti.

49 765 73 815 rt
88 757 252 819 delinitura
274 768 291 797 ‘⁶
305 758 438 837 quaedam
450 758 559 816 ultima
576 757 736 815 voluntatis
750 757 914 836 dispositio,
934 763 994 842 qut

49 826 257 899 'enchiriadis
279 838 468 905 institutione
487 847 613 896 testator
626 836 739 916 aliquid
758 836 824 897 fieri
838 838 902 898 vult
922 852 991 918 post

49 926 174 977 nortem
187 916 299 976 suam.’'

78 994 134 1055 Fit
157 999 354 1056 communiter
375 997 412 1055 ad
435 994 548 1072 aliquid
562 993 769 1073 supplendum,
791 997 993 1070 minuendum,

49 1073 92 1133 rel
104 1076 279 1135 mutandum
294 1077 324 1133 in
339 1086 526 1135 testamento.

83 1155 168 1228 Quid
181 1165 227 1213 est
240 1155 310 1214 fidei
325 1155 535 1213 commissum?

85 1233 147 1295 Ill.
158 1234 197 1295 R.
208 1234 385 1293 Estultimas
394 1233 554 1292 voluntatis
563 1232 728 1310 dispositio,
739 1233 798 1312 qud
807 1234 837 1292 in
846 1235 992 1296 haeredem

50 1311 94 1373 vel
108 1313 285 1390 legatarium
301 1313 479 1371 transfertur
493 1311 655 1371 dominium
669 1313 714 1372 rei
729 1313 917 1385 vinculatum,
938 1316 995 1375 hoc

52 1401 102 1462 su,
112 1412 180 1451 cum
194 1391 376 1470 obligations
391 1412 454 1451 rem
464 1392 544 1449 illam
556 1391 603 1448 vel
614 1391 640 1469 ej
646 1412 678 1449 us
689 1405 804 1470 partem
814 1395 994 1454 transieran-

53 1471 117 1531 diiu
128 1472 257 1552 aliquem
268 1472 399 1539 tertium,
412 1471 465 1549 qui
477 1470 765 1529 fideicommissarius
779 1485 975 1552 nuncupatur.

88 1551 127 1612 V.
150 1551 272 1610 Dictum
303 1561 348 1609 est
376 1550 462 1609 initio
484 1549 619 1618 Numeri,
645 1562 664 1588 “
679 1551 869 1611 donationem
890 1555 995 1614 mortis

57 1629 151 1689 staeff’
160 1632 325 1708 generatim
338 1640 495 1707 sumptam,
504 1628 558 1686 sub
569 1648 601 1687 se
610 1631 861 1707 comprehendere
870 1643 997 1711 quatuor

58 1709 161 1787 speeies
177 1710 242 1788 jem
262 1710 435 1788 descriptas,
456 1719 488 1767 et
505 1707 667 1786 simplicem
681 1709 870 1768 donationem
891 1713 997 1771 mortis

59 1791 150 1849 aaa:
171 1788 235 1849 bac
247 1799 346 1848 autem
360 1787 538 1866 regulariter
547 1788 738 1846 constituitur
748 1789 826 1855 inter
836 1801 998 1866 presentes

60 1880 153 1929 natue
163 1888 309 1927 consensu
321 1880 443 1945 propter
453 1865 663 1943 cogitationem
675 1868 792 1927 mortis:
811 1869 889 1927 unde
900 1871 997 1948 quoad

60 1967 135 2008 uum
149 1948 267 2006 initium
281 1957 327 2007 est
335 1946 466 2005 adinstar
476 1946 655 2015 contractas,
668 1947 766 2026 quoad
776 1948 914 2007 effectum
928 1951 997 2009 verb

57 2025 140 2088 babet
152 2028 282 2106 speeiem
297 2026 407 2085 ultima
428 2022 599 2095 voluntatis,
622 2036 655 2083 ut
675 2036 757 2103 patet
770 2046 809 2086 ex
823 2026 996 2089 definitione

58 2106 119 2166 data
133 2107 226 2168 Num.
242 2109 288 2164 16.

68 2227 107 2287 Ν.
141 2229 188 2286 19.
240 2224 611 2364 ΟΒΒΕΒἿΑξέῧῗῆδ
643 2226 775 2287 ctacA
807 2228 976 2289 PRAECE·

49 2405 75 2465 Ι.
93 2405 192 2465 Mores
203 2404 303 2483 Belca
314 2402 455 2484 afferunt
465 2403 559 2481 ajuro
570 2408 718 2464 mmmuni.
760 2405 802 2465 11.
819 2406 996 2488 Differentia

85 2485 280 2560 mammona&
290 2484 513 2560 fideicommissi.
556 2482 616 2542 lll.
638 2484 814 2544 Substitutio.
856 2487 911 2547 iv.
937 2488 994 2546 Od-

83 2566 233 2629 servanda.
252 2567 328 2622 circa
361 2562 462 2637 ὡραία.
503 2564 542 2622 V.
576 2563 662 2623 Circa
688 2566 864 2625 donationem
896 2570 994 2625 mortis

84 2646 184 2705 caasa.
224 2643 282 2705 Vl.
302 2642 447 2702 Falcidia.
487 2642 560 2703 Vll.
579 2642 788 2705 Trebellianus„
828 2645 920 2706 VllI.
939 2647 995 2706 Le-

87 2825 113 2884 1.
132 2821 257 2883 ANTE
271 2822 370 2881 ornain
390 2820 616 2902 observandum,
636 2822 719 2900 leges
732 2825 758 2882 δι
771 2842 870 2882 mores
885 2824 994 2905 Baga,

49 2901 212 2996 prasertim
227 2902 257 2959 in
273 2903 397 2960 materia
416 2903 648 2972 testamentaria,
670 2902 826 2979 plurimrlm
841 2903 964 2965 differre
978 2909 996 2966 d

49 3002 113 3060 Jure
132 2981 299 3040 communi:
321 2981 399 3038 unde
420 3001 484 3061 quae
500 2982 630 3050 Lessius,
656 2982 809 3058 Wiggers,
833 2981 942 3060 aliique
963 2987 994 3043 in

51 3062 102 3121 bec
114 3061 240 3120 materia
253 3060 414 3118 secundum
424 3079 475 3137 Jus
489 3080 644 3119 commune
657 3062 787 3131 tradunt,
807 3060 896 3139 longe
910 3064 995 3122 aber·

52 3152 114 3203 rant
127 3143 147 3201 d
160 3141 241 3199 ueris
254 3139 376 3217 regulis,
400 3159 473 3216 quas
494 3139 654 3199 secundum
675 3139 757 3218 leges
770 3150 802 3200 et
815 3160 913 3201 mores
927 3163 994 3201 uos·

54 3231 112 3281 tros
123 3221 157 3280 iu
170 3220 358 3279 testamentis
371 3216 530 3277 observare
544 3227 672 3297 oportet.

89 3300 136 3359 Ita
157 3299 227 3359 olim
243 3299 319 3359 Jure
341 3298 477 3357 Romano
499 3317 552 3376 pro
572 3307 751 3357 testamento
770 3298 995 3378 requirebantur

55 3389 280 3535 ltadgt
294 3375 995 3533 ittiltttlttutlttaltmltl‘ll:

53 3540 139 3601 etiem
155 3534 389 3597 admittebantur
404 3535 551 3604 mulieres,
565 3541 616 3593 &a
658 3535 770 3595 Verum
785 3533 873 3593 hodie
884 3535 914 3591 in
974 3539 997 3595 l.

55 3618 99 3694 gio
112 3616 165 3676 illa
175 3616 320 3693 abrogata
330 3625 407 3685 sunt,
422 3614 671 3673 &consuetudine
682 3634 758 3671 nunc
771 3614 880 3672 factum
896 3627 951 3687 est,
964 3629 997 3676 ut

55 3695 203 3759 codicillus
226 3696 254 3754 ds
273 3698 485 3757 testamentum
497 3693 595 3834 5{iluna
617 3694 677 3754 sint
699 3693 788 3766 idem,
810 3692 997 3776 habeantque

132 3792 205 3836 VOlr·
217 3792 253 3837 11.
530 3792 548 3833 0
