2182 4036
318 195 362 237 nn
382 194 464 237 suan
484 194 526 236 nr
545 193 700 237 cosmum.
761 208 763 210 v
951 183 989 241 33

44 336 82 397 Ν.
101 339 151 396 21.
193 336 254 396 DE
275 334 598 475 AGQUISfflsslIlK]
618 334 803 397 DOM1N11
826 337 874 396 IN
894 338 989 401 ANI-

48 515 71 575 Ι.
89 515 244 576 Animalia
257 525 404 575 mansuetu
424 513 526 574 bahem
545 515 714 574 Dominum.
756 512 798 572 ll.
818 515 889 575 Item
902 517 991 577 Mon·

10 634 12 639 ·
79 596 214 673 macta.
275 595 335 654 Ill.
375 592 444 653 Nisi
470 593 621 653 libertatem
647 598 880 671 recuperaverint.
935 597 992 659 IV.

80 673 166 734 Ferre
192 685 261 734 suut
275 675 373 752 primo
393 675 563 750 occupantis.
605 672 643 735 V.
669 674 818 746 Quamdiu
836 678 991 735 custodiam

80 756 301 911 Zummmfflut.
330 753 388 814 Vl.
414 753 505 832 (Μαι
517 753 624 832 sitfera
637 753 713 812 laesa
746 753 802 814 Vl.
821 753 992 833 Actaque

10 982 13 989 .
82 932 107 991 l.
128 931 240 992 Tala
258 932 427 991 animalium
447 893 721 1010 genera'distingut
732 923 861 992 debent:
876 934 940 994 'alia
953 955 993 995 ex

48 1022 151 1071 natura
163 1030 219 1071 sua
231 1023 300 1070 sunt
310 1021 464 1070 mansueta
478 1013 542 1070 sire
555 1011 727 1082 domestica,
748 1024 783 1071 ut
796 1033 876 1084 oves,
892 1014 993 1084 boves,
1044 1070 1046 1074 .

49 1093 95 1150 &c
108 1097 134 1150 ἃ
147 1091 213 1150 hae
226 1091 269 1149 ita
281 1102 351 1148 suut
361 1091 415 1149 sub
428 1091 559 1150 dominio
571 1091 695 1151 Domini
709 1091 764 1162 sui,
789 1093 865 1150 sicut
879 1095 993 1171 quavis

49 1170 180 1228 uliares:
202 1170 270 1228 hinc
283 1171 357 1229 l'urti
371 1191 439 1230 reus
454 1182 509 1239 est,
530 1172 580 1251 qiri
603 1170 674 1228 talia
688 1182 721 1229 ut
735 1191 787 1229 suu
801 1182 885 1231 tenet
899 1174 994 1232 invito

50 1249 187 1321 Domino,
202 1249 318 1309 etiamsi
331 1248 411 1309 forte
425 1249 543 1328 longiis
559 1250 575 1308 ὲ
598 1262 758 1329 conspectu
769 1251 892 1310 Domini
907 1253 995 1311 abiis·

52 1339 123 1389 sent.
299 1375 302 1382 .
558 1377 564 1384 .

86 1408 127 1467 ll.
149 1408 222 1466 Alia
235 1418 304 1466 sunt
317 1428 356 1467 ex
376 1419 483 1467 natura
506 1427 559 1467 sua
581 1408 646 1466 fera
670 1426 722 1467 seu
747 1408 914 1487 sylvestria,
942 1413 995 1470 sed

51 1487 174 1547 humanis
187 1487 335 1547 industriis
352 1489 483 1564 cicurata
495 1508 548 1546 seu
569 1488 778 1558 mansuefacta,
806 1502 840 1547 ut
853 1491 993 1561 falcones,

49 1574 94 1626 &a
116 1568 226 1648 quibus
241 1578 456 1627 enumerantur
470 1568 566 1644 pisces
580 1566 611 1624 in
625 1566 756 1637 vivariis,
784 1570 810 1626 a
830 1568 901 1628 ferae
918 1571 995 1628 saltu

50 1647 243 1726 circumsepto
270 1645 407 1706 inclusae:
428 1647 500 1704 item
525 1666 590 1726 quae
616 1644 726 1705 habent
748 1649 991 1708 consuetudinem

52 1726 194 1786 redeundi
210 1726 239 1782 in
254 1735 434 1803 potestatem
448 1725 581 1793 Domini,
595 1735 629 1783 ut
643 1745 723 1818 apes,
738 1725 891 1798 columboe,
906 1732 974 1786 &c.·

86 1804 148 1865 111.
169 1805 247 1865 Hac
260 1816 358 1864 autem
369 1805 467 1863 omnia
481 1804 595 1862 tamdiu
604 1815 656 1863 tua
666 1804 883 1882 intelliguntur,
895 1826 997 1886 quem·

52 1884 98 1943 diu
112 1895 268 1943 mansueta
279 1894 357 1955 sunt,
366 1896 418 1943 aut
426 1885 555 1943 animum
567 1883 711 1943 redeundi
723 1884 842 1955 habent,
854 1884 901 1944 vel
909 1886 996 1944 facile

51 1976 174 2043 possum
185 1964 308 2023 reduci:
329 1965 409 2043 quod
437 1965 462 2022 si
487 1965 529 2022 ita
553 1983 618 2022 esse
639 1963 784 2036 desinant,
808 1964 883 2023 fiunt
897 1965 995 2043 primi

53 2044 221 2123 occupantis
231 2067 239 2112 ;
249 2044 320 2125 quia
330 2043 484 2120 pristinam
493 2043 662 2102 libertatem
672 2063 862 2121 recuperasse
876 2065 998 2104 censen·

54 2135 117 2183 tur:
138 2124 253 2181 lurtum
267 2142 341 2200 ergo
355 2123 525 2191 committit,
560 2122 590 2180 ui
605 2122 699 2199 pisces
713 2123 793 2201 capit
814 2144 853 2183 ex
867 2125 998 2195 vivariis,
1027 2182 1032 2191 ,

55 2204 129 2264 ieras
144 2204 172 2261 ir
186 2202 322 2261 volucres
336 2223 375 2262 ex
388 2201 461 2261 locis
475 2144 629 2260 conclusis.

58 2317 62 2322 *
89 2283 147 2344 lv.
168 2281 242 2341 Alia
253 2282 392 2340 animalia
406 2301 445 2340 ex
458 2292 565 2341 natura
586 2301 640 2340 sua
660 2278 710 2340 vel
723 2300 762 2339 ex
783 2282 997 2344 consuetudine

53 2363 114 2421 fera
123 2373 204 2432 sunt,
219 2371 254 2420 ut
266 2361 340 2438 apri,
354 2361 482 2438 lepores,
493 2362 599 2438 pisces,
614 2365 665 2419 &a
680 2360 744 2420 haec
757 2362 844 2420 simul
860 2373 949 2443 atque
960 2362 999 2420 ab

53 2440 149 2523 aliquo
161 2450 247 2518 capta
258 2449 336 2510 sunt,
345 2441 416 2517 jure
426 2441 562 2518 gentium
571 2440 650 2498 illius
660 2459 726 2498 esse
734 2441 898 2518 incipiunt;
918 2441 999 2522 quod

56 2521 129 2578 enim
144 2521 254 2578 nullius
269 2531 323 2589 est,
348 2519 382 2578 fis
401 2519 498 2598 primi>
512 2519 701 2599 occupantis:
717 2520 795 2578 unde
807 2541 860 2580 nee
874 2523 999 2580 interest

57 2601 114 2660 sive
128 2602 159 2658 in
174 2610 227 2658 tuo
240 2598 344 2669 fundo,
358 2601 421 2657 sive
435 2599 465 2656 in
479 2599 576 2658 alieno
591 2619 626 2657 ea
640 2601 763 2676 ceperis.

92 2681 131 2741 V.
154 2680 185 2739 Si
200 2678 370 2757 hujusmodi
384 2678 522 2737 animalia
549 2681 611 2738 ite
624 2688 720 2756 capta,
744 2677 907 2737 custodiam
918 2689 1000 2739 tuam

58 2759 212 2828 evaserint,
223 2760 250 2816 8ι
264 2760 294 2815 in
303 2758 472 2817 libertatem
482 2758 645 2816 naturalem
655 2777 687 2817 se
698 2759 877 2834 ,receperint
891 2759 1001 2818 iterum

58 2838 128 2898 liunt
150 2837 248 2916 primi)
273 2838 461 2914 occupantis:
482 2837 690 2915 intelliguntur
711 2845 810 2895 autem
834 2839 999 2898 naturalem

57 2918 222 2977 libertatem
237 2917 380 2994 recipere,
394 2917 460 2976 crim
469 2916 518 2974 vel
528 2917 629 2974 oculos
644 2917 889 2994 tuoseffugerint,
901 2917 1002 2977 velita

58 2997 158 3056 sintin
171 3008 333 3074 conspectu
347 3007 409 3067 tuo,
436 3009 471 3055 ut
484 2997 610 3055 difficilis
632 2997 671 3054 sit
685 3016 789 3055 eorum
813 2999 1001 3075 prosecutio:

57 3075 106 3135 lib.
119 3081 148 3135 2.
164 3077 262 3136 lustit.
276 3076 294 3157 5
309 3077 424 3135 Furem:
450 3076 528 3135 undo
548 3076 647 3154 piscia,
671 3077 722 3156 qui
743 3077 856 3153 ereptis
880 3077 1002 3136 vivariis

16 3212 20 3221 ,
59 3168 215 3216 evaseruut
235 3157 264 3213 in
288 3155 407 3225 flumen,
432 3156 508 3214 fiunt
531 3154 629 3234 primi>
645 3156 834 3232 occupantis:
856 3157 898 3214 sic
911 3157 1001 3215 etiam

58 3255 179 3299 examen
190 3255 289 3313 apum,
323 3234 383 3294 uod
397 3236 552 3312 sylvestris
561 3245 607 3293 est
617 3245 740 3304 natura,
755 3234 779 3292 si
794 3235 837 3292 ita
849 3235 957 3304 avolet,
968 3246 1003 3294 ut

57 3316 180 3374 difficilis
200 3256 361 3373 admodim
380 3315 419 3372 sit
440 3315 504 3392 ejus
525 3313 704 3391 prosecutio,
725 3324 825 3391 potest
839 3317 857 3372 i
870 3315 1003 3394 quolibet

58 3395 248 3473 apprehendi,
263 3394 353 3453 etiam
368 3394 397 3452 in
411 3393 505 3461 fundo
519 3395 625 3462 alieno,
639 3393 697 3452 nisi
707 3393 790 3474 quid
804 3393 880 3452 alter
890 3395 1002 3471 ingres-

60 3494 120 3540 sum
134 3475 221 3533 fundi
236 3475 281 3533 sui
294 3472 349 3531 tibi
364 3475 458 3551 possit
472 3474 640 3552 prohibere.

15 3526 23 3607 l
99 3555 191 3631 Cujus
206 3563 253 3612 est
266 3553 332 3626 fera
344 3552 436 3612 laesa?

96 3634 153 3695 Vl.
175 3635 207 3694 st
222 3633 297 3692 itai
317 3641 347 3691 te
362 3632 516 3692 vulnerata
536 3632 585 3704 sit,
609 3641 644 3692 ut
656 3631 793 3712 effugere
806 3630 941 3710 amplius
951 3651 1020 3691 non

61 3713 163 3786 valeat,
176 3719 203 3774 a
216 3723 280 3775 eam
287 3730 400 3791 pergas
404 3713 560 3798 prosequi,
575 3713 740 3779 moraliter
752 3712 841 3777 certi>
856 3712 1038 3794 apprensu-

10 3822 19 3883 t
