2160 4034
78 100 139 173 354
338 144 341 152 ·
465 120 661 169 raacraros‘

122 236 164 296 R.
185 234 220 294 In
255 233 340 295 rimis
353 234 384 294 id
398 253 463 294 erse
481 242 568 294 extra
581 231 786 313 questionem,
804 229 883 292 odm-
896 236 970 289 tnnc
982 240 1031 291 not
1075 288 1078 299 ,

79 316 124 376 'sit
138 253 265 392 amplids
279 324 423 386 mutuum,
446 313 484 373 ds
497 312 581 392 cujns
604 313 721 377 ratione
743 321 799 380 est,
823 320 862 369 nt
880 309 1032 370 transferat
1055 338 1066 357 ι

84 394 247 454 dominium
272 393 359 452 simul
383 402 413 450 et
435 412 538 451 usum:
558 402 704 470 preterea
726 391 794 469 plus
815 389 964 470 perderet
980 407 1033 447 mu·

83 484 186 533 tuator
207 473 236 530 in
260 473 317 531 hoc
341 472 504 549 supposito,
526 470 615 550 qiram
643 471 825 538 lucraretur3
846 486 918 527 nam
944 478 1034 545 posset

83 551 200 612 tantum
225 551 336 632 aliquid
359 552 493 629 recipere
515 571 571 629 pro
594 570 649 609 usu
663 548 835 619 revocabiii,
858 565 952 626 quem
976 565 1034 606 con·
1074 573 1078 579 ·

85 630 174 700 cedit,
196 643 227 690 et
250 631 291 688 nii
316 650 370 709 pro
393 630 534 699 dominio,
555 629 635 709 qnod
663 628 719 688 sibi
739 637 887 696 reservat,
909 624 1062 706 adeoqua1

79 711 181 770 mimis
201 709 325 769 deberet
347 709 490 787 recipere,
511 711 598 790 qudm
622 708 764 778 contulit;
783 726 860 766 nam*
876 723 951 763 usne
974 705 1029 768 tacti

52 804 56 811 ’
82 788 258 848 revocabilis
286 809 340 867 per
367 808 399 849 se
425 789 523 848 minda
551 786 733 848 estimabilis
756 796 813 858 est,
835 786 928 867 qnam
950 783 1027 844 domi·
1051 773 1078 830 Ρ

81 888 173 929 nrum.

124 946 195 1025 Obj.
225 947 267 1005 11.
288 947 446 1007 Mutuator
468 967 527 1006 non
551 956 672 1005 tenetur
693 945 765 1004 dare
785 953 947 1003 mutnnmr
966 960 1021 1021 ergo
1075 1012 1078 1017 .

82 1026 153 1086 dum
167 1026 240 1084 illud
253 1027 326 1084 facit
346 1027 516 1105 ingratiam
532 1026 663 1094 alterins,
684 1025 734 1102 qui
755 1023 827 1083 inde
840 1022 958 1081 lucrum
971 1041 1021 1100 per·
1076 1026 1078 1031 '

83 1106 174 1184 cipit,
182 1106 265 1183 juste
279 1108 456 1185 participare
471 1116 571 1184 potest
584 1105 622 1163 de
636 1105 741 1162 eodem
754 1103 850 1161 lucro.

78 1214 81 1219 ·
123 1186 162 1244 R.
182 1185 262 1263 Neg.
276 1205 394 1263 conseq.
409 1187 477 1266 quia
488 1184 526 1243 ob
540 1184 667 1262 gratiam
685 1183 740 1242 sibi
755 1182 866 1240 factam
887 1178 1021 1257 obligatur

83 1264 202 1344 quidem
217 1266 413 1323 mutuatarius
427 1264 565 1324 etiamad
578 1263 704 1321 invicem
715 1258 1020 1340 gratiamreddendan
1063 1264 1078 1279 '

81 1345 245 1403 mutuaturi
265 1363 304 1402 ex
326 1344 438 1404 virtute
451 1343 651 1423 gratitudinis,
674 1342 800 1402 sednon
824 1339 864 1398 ad
877 1338 1021 1399 solvendas

81 1442 186 1483 usuras
200 1423 238 1482 ali
260 1443 298 1482 no
312 1435 409 1501 pacto.

123 1444 403 1580 Obj.11‘i.scienti
426 1511 457 1560 et
480 1500 592 1561 volanti
615 1520 674 1559 non
701 1499 736 1559 fit
761 1498 889 1577 injpriar
911 1515 982 1575 ergo
1001 1497 1020 1556 si

76 1581 277 1675 mutuatarius
302 1582 467 1641 consentiat
490 1581 520 1638 in
547 1580 719 1652 auctarium,
741 1598 798 1639 non
826 1576 880 1637 fiet
908 1576 965 1655 ipsi
985 1575 1021 1635 in·

94 1680 168 1719 uria.

76 1679 160 1800 JR.
181 1740 260 1799 Dist.
284 1759 340 1799 ass.
364 1736 458 1800 Plene
479 1739 593 1799 volenti
616 1757 675 1797 non
689 1737 723 1796 fit
742 1735 861 1815 injuria,
883 1754 1022 1794 concess.

81 1818 152 1878 Non
166 1819 254 1896 plene
266 1819 389 1889 volenti,
403 1838 482 1897 nego
493 1839 550 1878 ass.
576 1820 646 1881 Jam
655 1826 752 1876 autem
763 1815 963 1875 mutuatarius
972 1832 1024 1874 nun
1075 1816 1078 1839 ¹

79 1906 126 1956 est
139 1898 224 1975 plene
238 1899 358 1968 rolens3
378 1899 527 1958 consentit
541 1898 619 1956 enim
631 1895 726 1956 velex
740 1908 832 1966 metu,
845 1894 895 1954 rel
906 1894 946 1954 ad
955 1893 1025 1954 redi·

77 1976 215 2035 mendam
231 1996 346 2047 venam,
367 1979 418 2036 &a

121 2054 192 2131 obj.
217 2055 271 2115 1v.
292 2056 391 2134 Leges
413 2055 515 2114 civiles
538 2055 715 2133 permittunt
742 2074 855 2124 usuras,
882 2074 920 2114 ac
943 2051 1026 2113 etiam

80 2134 223 2192 usurariis
237 2135 275 2193 ad
289 2155 338 2193 eas
361 2135 524 2212 exigendas
545 2135 616 2193 dant
629 2135 784 2206 actionem,
805 2145 840 2192 ut
859 2133 966 2193 videre
986 2143 1028 2191 est

79 2211 132 2272 lib.
146 2215 174 2271 4.
190 2213 300 2281 codicis
315 2215 361 2272 tit.
375 2217 431 2272 32:
452 2233 534 2292 ergo,
553 2216 605 2273 &a
913 2244 916 2251 ·
1076 2232 1078 2237 ⁴

123 2292 162 2352 R.
184 2293 263 2370 Neg.
278 2295 498 2372 conseq.Ratio
513 2304 568 2363 est,
583 2292 661 2373 quod
671 2290 722 2371 jus
734 2292 820 2353 civile
834 2291 952 2352 tantum
966 2289 1034 2350 tole·
1076 2312 1078 2321 ¹

79 2372 192 2431 raverit
207 2392 310 2431 usuras
325 2373 362 2431 ad
376 2372 514 2432 evitanda
526 2372 640 2450 majora
659 2371 745 2441 maia,
765 2392 825 2431 non
839 2373 912 2431 verd
927 2388 1029 2450 appro·
1075 2426 1077 2435 ,

84 2451 200 2511 baverit
227 2463 261 2511 ut
282 2451 388 2522 licitas,
409 2462 443 2510 ut
456 2462 540 2528 patet
561 2472 600 2510 ex
621 2451 833 2510 constitutione
856 2453 907 2509 83.
927 2448 1032 2508 Leonis
1075 2496 1078 2501 .

79 2531 279 2608 imperatoris,
294 2551 358 2612 quae
372 2532 414 2590 sic
424 2530 532 2590 habet:
553 2531 642 2604 “Qui
657 2540 745 2590 antea
758 2549 914 2589 usurarum
926 2548 983 2665 spe
995 2527 1028 2586 ad

80 2610 308 2670 “mutuandum
339 2611 492 2689 pecuniam
528 2611 660 2688 prompti
685 2611 814 2680 fuerant,
846 2619 916 2687 post
954 2617 1027 2667 atam
1065 2612 1072 2628 ‘¹

77 2695 96 2724 “
111 2686 219 2766 legem,
241 2690 319 2768 qudd
344 2691 385 2748 nil
408 2690 481 2748 lucri
506 2709 545 2749 ex
566 2699 670 2747 mutuo
688 2689 842 2768 percipere
854 2688 982 2766 possint,
1000 2687 1027 2744 in

79 2774 98 2804 ‘⁶
114 2770 229 2847 eosqui
244 2769 376 2846 pecuniis
391 2769 534 2847 indigent,
556 2768 688 2829 difficiles
702 2789 736 2827 ac
750 2768 878 2826 immites
891 2768 1026 2833 fuerunt3

76 2852 98 2882 “
112 2855 143 2904 et
167 2849 209 2904 sic
231 2859 355 2926 propter
378 2848 591 2907 redundantem
616 2847 646 2906 in
672 2848 799 2906 humana
821 2846 896 2905 vitia
910 2864 1025 2924 perrer-
1074 2849 1076 2871 i

79 2932 98 2961 ‘⁴
113 2923 242 2996 sitatem,
263 2947 322 2985 non
335 2927 426 2987 modd
443 2947 499 2986 non
514 2927 628 3005 profuit
640 2927 716 3004 legis
729 2924 902 2996 virtus,·sed
916 2924 1024 2984 obfuit:

78 3010 98 3041 “
113 3023 290 3082 quamquam
313 3007 457 3084 igiturex
482 3026 514 3066 se
534 3007 631 3084 legem
645 3006 763 3084 culpare
787 3005 882 3085 (quod
908 3003 1023 3082 quidem
1071 3019 1072 3022 ’

77 3091 96 3121 “
111 3083 200 3142 etiam
214 3082 308 3164 absit)
322 3106 512 3165 nequeamus,
526 3097 684 3164 propterea
694 3099 792 3144 tamon
807 3084 886 3165 qudd
899 3083 1023 3141 humana

76 3170 96 3200 “
110 3172 216 3222 natura
230 3162 267 3221 ad
281 3164 359 3222 illius
382 3165 592 3223 sublimitatem
607 3184 665 3223 non
685 3163 850 3244 perveniat,
871 3162 1023 3242 egregium

77 3250 97 3279 “
111 3241 184 3301 illud
198 3243 402 3322 prescriptum
417 3242 622 3321 abrogamus.”

24 3389 29 3402 ⁸
119 3322 267 3381 Ceterum
289 3322 314 3381 si
339 3322 472 3399 quaedam
494 3321 701 3400 legesjeiviles
720 3321 911 3400 permiserint
925 3338 1025 3380 usuros

76 3401 198 3483 proprie
212 3401 314 3473 dictas,
335 3401 393 3461 ilice
405 3421 460 3481 per
475 3402 526 3481 jus
541 3403 711 3463 canonicum
726 3411 865 3461 correctae
878 3412 957 3460 sunt.
1070 3456 1074 3491 j
