2160 4034
8 154 11 161 ’
64 167 123 226 160
172 178 173 183 ’
446 158 634 221 rit-acrinus

102 287 152 346 4⁰.
173 282 216 343 Ut
231 288 379 352 caveatur,
399 298 438 339 ne
458 279 578 340 debitor
597 281 654 342 boc
673 278 763 342 modo
784 281 830 342 bis
850 281 1016 391 solistani

61 365 179 428 reddat.
339 385 342 389 ’

61 461 64 468 ·
102 447 151 503 50.
172 441 216 502 Ut
226 438 387 518 accipiatur
397 456 446 497 res
459 437 563 498 ecdem
577 439 607 498 in
621 440 720 518 specie
730 438 831 501 sideri
841 429 1016 521 possitdcb¹

61 520 237 662 fiatdinjnria
250 518 350 589 tertio,
365 517 535 597 accipiendo
546 536 610 578 rem
624 519 698 597 ejus,
711 539 741 579 v.
750 539 780 599 g.
792 518 924 582 debitori
934 494 1016 582 consi

56 623 111 664 mo
133 613 221 660 aiam.
1012 618 1015 623 '

103 685 151 742 60.
173 680 217 740 Ut
235 676 436 757 compensatio
449 695 509 736 non
522 675 575 736 fiat
588 696 627 736 ex
641 696 674 737 re
688 676 832 738 debitoris
850 680 932 759 apud
949 668 1016 759 cro-i

63 762 192 822 ditorem
215 758 351 835 deposita
373 757 422 817 vel
446 757 648 826 commodam
667 757 725 817 hoc
746 776 833 817 enenr
851 756 1016 838 prohibent

59 841 130 920 jora
153 858 216 917 cop.
238 838 332 896 Bono
352 854 444 895 orons
465 836 531 895 “de
551 832 687 915 deposito
696 837 724 896 :’'
748 857 804 896 nec
826 840 928 917 potest
948 836 1016 917 doti·

63 917 267 998 compensatio
286 937 325 975 ex
343 937 376 976 rc
394 915 517 976 Civitati
531 925 583 974 ant
604 915 736 994 Principi
755 916 866 983 debita,
890 936 919 976 r.
931 937 962 997 g.
974 918 1011 979 ek

61 997 273 1079 vectigalibusr
296 997 339 1054 sic
359 995 448 1054 etiam
463 995 514 1074 qni
528 994 740 1054 condemnatus
760 998 806 1055 e's't
824 995 864 1055 'nd
875 994 1011 1057 ‘dandam

60 1079 217 1160 pecuniam
231 1074 280 1133 vel
294 1075 365 1154 quid
380 1074 470 1145 eliud,
484 1090 543 1132 non
557 1083 657 1153 potest
668 1074 715 1134 riti
729 1076 981 1153 compensatione.

103 1161 152 1217 ⁷0.
179 1155 231 1216 Ad
258 1153 439 1214 evadendam
464 1152 667 1213 difficultatem
691 1152 903 1232 objectionum,
930 1154 1012 1217 adit

63 1237 203 1306 Billnert,
224 1234 347 1313 requiri,
368 1244 403 1291 ut
416 1232 479 1293 haec
493 1233 592 1292 omnia
605 1243 742 1293 constent
754 1252 813 1292 non
827 1234 953 1328 propriu
965 1233 1012 1315 jd·

62 1316 141 1376 dicio
161 1316 254 1394 ipsios
274 1313 502 1391 compensantis,
524 1312 575 1371 sed
591 1311 706 1450 {udicio
727 1312 851 1392 nliiujus
864 1314 925 1372 vrri
944 1330 1016 1393 pru·

63 1395 171 1465 dentis,
185 1413 223 1453 ne
237 1392 378 1470 iniquitas
393 1391 553 1450 mentiatur
565 1393 590 1450 si
612 1392 632 1450 i.

104 1474 219 1536 Verdm
244 1482 290 1530 tot
311 1471 496 1530 conditiones
517 1477 542 1530 dn
564 1470 695 1541 cauteiae,
719 1476 784 1552 qnae
807 1470 860 1530 vix
883 1490 1015 1553 unquam

63 1553 167 1613 adesse
179 1571 281 1611 omnes
293 1560 425 1629 possunt,
439 1549 547 1609 merito
558 1560 686 1628 arguunt
700 1550 789 1629 hujus
802 1552 961 1611 sententiar
971 1551 1013 1611 in·

62 1632 252 1701 firmitatem:
274 1630 381 1688 deinde
395 1646 513 1707 semper
526 1629 635 1688 militat
649 1630 727 1688 ratio
743 1631 773 1690 S.
784 1631 920 1700 Tbomin,
936 1632 1012 1710 q'nbd

64 1729 257 1791 compensans
267 1720 370 1788 peccet
384 1717 487 1766 contro
495 1709 644 1787 justitiam
658 1725 854 1781 communem,
868 1709 941 1769 dom
951 1710 1008 1791 ipso

63 1790 122 1850 sibi
135 1801 260 1868 usurpat
274 1789 318 1846 rei
332 1808 391 1848 suso
400 1786 556 1866 judicium,
568 1787 647 1867 juris
661 1786 989 1925 ordine'prseter'misso.

107 1868 261 1947 Quidquid
281 1869 329 1938 sit,
351 1877 465 1927 certum
483 1868 603 1926 interim
625 1877 680 1940 est,
699 1868 780 1926 famo
793 1879 886 1939 antes,
906 1868 1008 1930 liceti

63 1956 151 2029 parto
165 1950 209 2008 rei
228 1946 408 2026 stipendium
421 1947 520 2006 minus
534 1947 709 2026 acciperent,
726 1966 814 2026 quam
829 1946 910 2007 ualet
922 1946 1008 2022 lnbo'i,

65 2047 154 2108 quem
169 2027 305 2097 snbeunt,
326 2036 486 2104 propterea
499 2036 598 2085 tamen
611 2028 658 2085 oti
671 2029 728 2085 no'n
742 2032 830 2105 posse
844 2030 1008 2106 comperiri·

64 2107 149 2167 tione
164 2106 287 2176 occulti,
301 2115 335 2163 ut
349 2115 465 2163 constat
478 2126 517 2164 ex
531 2105 585 2163 hac
600 2106 803 2185 propositione
817 2108 866 2166 37.
876 2108 1009 2185 damnati

66 2186 104 2245 ab
120 2186 295 2245 Innocentio
308 2182 367 2242 Χῖ.
381 2193 400 2222 “
411 2183 528 2244 Famuli
542 2191 567 2244 dt
580 2184 698 2243 famule
709 2186 878 2246 domestice
887 2192 1009 2266 possunt

65 2275 88 2304 “
102 2264 217 2324 occulte
232 2264 311 2322 heris
326 2262 387 2322 suis
401 2264 551 2340 surripere
571 2264 609 2323 ad
627 2262 872 2343 compensandam
895 2285 1011 2344 operam

16 2342 21 2349 “
67 2354 87 2384 “
101 2363 194 2413 sunm,
210 2363 296 2420 quam
311 2341 454 2421 mojorem
463 2341 601 2419 judicant
615 2344 731 2416 salario,
742 2345 828 2427 'qnod
841 2345 1011 2423 recipiunt.”

70 2424 159 2498 Quod
174 2422 328 2480 Authores
342 2421 431 2480 etiam
446 2423 612 2482 extendunt
629 2423 667 2482 ad
686 2432 795 2493 cesum,
817 2443 876 2502 quo
888 2423 1012 2483 famulus

68 2513 188 2564 coactus
200 2500 259 2561 fuit
273 2521 312 2560 ex
325 2501 458 2579 penuria,
477 2506 526 2560 &o
540 2521 595 2580 pro
609 2502 717 2560 nrinori
731 2503 879 2581 stipendio
893 2504 1012 2563 servire.

240 2661 281 2723 N.
302 2660 350 2719 91.
392 2658 452 2720 DE
473 2656 632 2720 FURTIS
653 2658 850 2720 MINUTIS.

72 2780 98 2841 Ι.
130 2781 256 2841 Furtum
285 2782 328 2839 roi
354 2779 422 2839 ocu
440 2781 486 2857 fit
510 2798 608 2857 prove.
653 2781 696 2841 ΙΙ.
729 2781 852 2859 Propter
880 2783 1015 2862 effectum.

107 2860 172 2920 tlt.
200 2860 249 2920 Vel
262 2864 300 2917 'ec
319 2859 476 2918 intentione.
517 2861 572 2920 tv.
601 2861 651 2921 Vel
673 2881 707 2920 ec
731 2861 909 2921 annocentia
931 2875 1015 2924 mute-

109 2942 170 2998 riae.
211 2938 250 2999 V.
268 2938 433 3017 Proposito
452 2941 597 2999 domm.
639 2940 696 3002 Vl.
715 2940 868 3002 Mundum.

111 3056 284 3118 DICTUM
304 3068 350 3117 est
371 3058 463 3119 Num.
483 3063 530 3119 88.
550 3062 663 3120 furtum
688 3081 728 3121 ex
769 3082 857 3122 enere
878 3082 933 3124 sno
953 3079 1016 3126 esso

69 3148 222 3219 peccatum
237 3137 372 3219 mortale,
393 3158 480 3218 posse
494 3151 592 3200 tomen
607 3150 653 3200 est
666 3081 781 3200 veniris
792 3162 831 3202 ex
844 3143 1016 3224 imperfecta

73 3216 285 3299 deliberatione
299 3218 392 3290 cottis,
407 3225 432 3278 dc
446 3239 484 3278 ex
493 3221 645 3300 parvitate
657 3222 799 3280 materiae.
889 3234 892 3239 “

111 3297 163 3356 An
181 3295 293 3354 furtum
315 3314 432 3375 semper
452 3308 498 3359 est
513 3299 638 3371 veniale,
659 3301 776 3380 qnando
796 3302 932 3378 materia,
953 3312 1016 3384 que

71 3376 215 3446 aufertor,
229 3387 275 3434 est
287 3375 385 3438 levis?

112 3456 137 3517 Ι.
158 3455 196 3514 R.
217 3454 383 3535 Negative:
403 3468 504 3537 potest
517 3457 595 3517 enim
610 3458 674 3517 fleri
688 3459 812 3518 mortale
827 3468 940 3540 septem
953 3479 1016 3524 mo·

71 3537 118 3595 dis
132 3535 207 3594 sicut
218 3534 371 3613 quodlibet
381 3542 534 3614 peccatum
544 3537 660 3600 veniale
671 3559 710 3596 ex
723 3540 870 3617 parvitate
884 3545 1016 3604 materie

71 3614 137 3674 fieri
150 3615 398 3694 potest-mortale,
407 3627 446 3678 ut
460 3617 554 3679 videri
567 3627 667 3699 potest
680 3616 772 3680 Num.
789 3621 853 3680 165.
874 3629 892 3662 ‘⁶
903 3621 943 3682 de
957 3623 1016 3682 Ac·

72 3692 185 3756 “tibus
200 3693 373 3758 Humanis.'’
