2160 4034
128 176 186 235 100
442 202 450 229 2
502 182 690 229 reimarus

126 296 198 379 quia
209 293 242 353 hi
255 300 338 352 aetus
351 291 503 371 profluunt
517 312 556 353 ex
565 279 667 371 priore
677 290 788 370 injusta
796 292 961 366 voluntate,
975 258 1070 695 &³

126 376 230 436 eadem
244 391 335 432 unum
350 383 448 432 actum
462 370 580 450 injustus
590 371 771 432 detentionis
785 373 1006 433 continuataeco

125 466 213 515 tuere
226 452 376 512 videntur.
417 451 546 511 Attendi
569 461 668 510 tamen
694 450 793 523 debet,
808 471 844 510 an
858 473 919 512 non
931 473 987 531 per

126 545 211 594 actus
225 532 360 612 quaedam
368 531 503 669 sKecialis
514 530 623 610 injuria
633 529 775 588 adversrls
786 531 937 590 deminum
950 533 989 591 sit

127 615 228 673 missa.
269 613 356 672 Circa
400 631 441 669 sec
455 610 524 669 vide
537 610 630 670 Num.
650 611 689 667 95
709 609 774 669 “de
790 611 952 685 Peccatis,”
972 623 1004 671 et

127 693 268 752 dicuntur
281 692 312 748 in
326 691 475 749 schemate
489 693 518 748 t.
1053 706 1070 735 s

168 772 227 833 IV.‘
246 770 399 846 Quantum
409 769 448 829 ad
457 788 570 828 moram
576 768 757 847 culpabilem
772 769 908 830 reflectat
921 760 1070 839 Confmfl

126 852 190 910 rius
200 849 348 930 praecipue
361 849 424 909 haec
437 849 513 908 tria:
550 892 552 896 ι
1047 856 1070 901 ³.

50 928 52 934 ’
171 932 216 989 10.
239 930 372 1008 Tempus
396 948 449 987 seu
472 929 659 987 durationem
683 928 769 988 istius
790 935 892 988 morsa
908 924 1070 1010 culpabdfl

102 1030 104 1034 ’
125 1012 200 1090 ⁴quia
209 1009 325 1068 tamdiu
338 1008 396 1067 fuit
409 1008 439 1066 in
454 1007 562 1067 actuali
572 1017 704 1085 peccato.
1036 1018 1070 1059 ’Ἠ

168 1092 216 1147 2⁰.
239 1088 448 1147 Confessiones
459 1098 640 1164 eotempore
652 1086 746 1146 factas
760 1088 802 1168 (si
823 1107 871 1147 res
893 1089 1070 1157 restitues!

125 1168 220 1228 fuerit
232 1167 389 1246 notabilis)
402 1166 495 1225 luisse
505 1165 658 1238 invalidus,
678 1168 815 1245 adeoque
828 1168 1026 1246 repetendas;
1048 1180 1070 1239 q·

125 1248 323 1328 poenitentem
347 1266 379 1305 se
403 1245 512 1305 debere
526 1264 665 1304 accusare
689 1246 726 1305 de
747 1256 795 1306 tot
807 1247 981 1326 sacrilegiis,
1004 1254 1070 1331 qd!

129 1328 322 1387 Sacramenta
332 1326 459 1384 durante
469 1324 522 1384 tali
537 1334 616 1383 statu
631 1327 770 1403 suscepit.
1059 1336 1070 1381 t

166 1409 216 1465 30.
237 1406 288 1464 An
302 1405 371 1464 talis
395 1405 521 1482 fregerit
533 1404 623 1468 fidem
637 1404 736 1463 datam
761 1404 798 1464 de
819 1406 1070 1551 restitutione&

127 1485 249 1545 cienda:
271 1485 387 1563 quodsi
406 1485 457 1555 sie,
478 1484 628 1543 ordinarie
642 1484 671 1543 ei
691 1484 827 1563 neganda
848 1494 894 1545 est
921 1484 1025 1545 absolu
1065 1550 1066 1557 χ

127 1566 222 1625 donec
230 1575 299 1624 actu
312 1564 487 1623 restituerit.
1051 1567 1070 1635 t

166 1645 281 1704 Merito
293 1644 381 1701 etiam
391 1652 551 1701 mouentur
558 1641 704 1715 rudiores,
710 1642 790 1722 quod
798 1662 852 1721 per
862 1643 1070 1707 absolutione!¹

127 1743 187 1783 non
212 1724 366 1782 auferatur
387 1721 530 1800 obligatio
543 1722 751 1793 restitutionis,
778 1742 816 1782 ue
830 1732 937 1801 putent
955 1706 1070 1792 remini

125 1812 249 1882 peccato
258 1801 376 1860 restitui
386 1821 446 1860 non
460 1799 579 1860 debere.
1053 1806 1070 1853 l*

117 1914 120 1919 ·
169 1880 328 1956 Quomodo
342 1879 546 1957 intelligantur
559 1879 651 1938 verba
661 1880 824 1940 Pastoralis
838 1881 963 1941 dicentis
985 1882 1070 1957 absis

118 1961 242 2020 tendor
252 1979 313 2020 non
321 1979 395 2029 esse,
411 1967 429 1997 “
454 1958 1037 2037 uieliens,sipossunt,restituerenoluu

120 2040 197 2100 'vide
211 2040 252 2099 N.
265 2043 331 2099 126.
353 2047 371 2078 ‘⁶
381 2038 418 2099 de
434 1979 514 2100 gaer.
526 2039 653 2098 Penii?
1054 2042 1070 2151 r

435 2233 775 2338 senescentum.

132 2385 704 2476 1.‘oasuae9r0uresuoauoun0aeu
746 2398 790 2459 11.
808 2398 918 2460 Meae.
959 2375 1070 2469 unu?

177 2481 218 2536 sit
223 2477 379 2556 publicum.
420 2479 478 2541 IV.
498 2479 605 2539 Nolens
618 2481 761 2538 restituere
773 2479 830 2536 uisi
836 2499 892 2557 per
901 2479 1030 2541 heredes.

170 2593 280 2672 QUID
294 2595 652 2674 agendumGontessario,
661 2597 712 2678 qui
722 2596 920 2674 deprehendit
933 2610 1070 2678 egrotus

131 2695 166 2734 us
187 2695 226 2734 ne
239 2695 317 2733 nunc
330 2676 550 2734 restitutionem
565 2674 740 2735 distulisse?

168 2697 196 2812 l.
217 2754 256 2814 R.
285 2754 398 2814 Habitt
421 2757 588 2833 quantitate
610 2755 810 2814 restitutionis
829 2757 972 2817 faciendas
990 2758 1070 2837 juxt

127 2833 301 2893 methodum
312 2834 469 2892 schematis
478 2837 506 2893 7.
521 2845 551 2893 et
562 2834 749 2913 supradicta,
763 2844 847 2912 petet
860 2837 1070 2908 rationemors

130 2912 244 2972 tamdiu
265 2913 483 2972 restitutionem
499 2914 657 2983 distulerit,
678 2924 713 2972 ut
726 2914 794 2972 hinc
806 2915 917 2986 videat,
938 2935 974 2974 an
989 2919 1069 2978 fueri

125 2993 209 3070 justa
223 3011 310 3050 cansa
328 3011 472 3051 excusans
486 2994 504 3052 is
517 2993 707 3052 restitutione
721 2995 820 3052 statim
838 2994 991 3055 facienda:
1011 2998 1070 3058 nin

129 3073 221 3130 ctiam
230 3080 333 3129 noscet
347 3071 436 3149 qudm
448 3090 540 3150 greve
554 3073 593 3131 sit
606 3081 759 3150 peccatum
773 3072 940 3133 omissionis
957 3078 1069 3138 restitu

128 3151 229 3221 tionis,
250 3155 301 3208 duc.

157 3225 218 3287 ‘221
240 3229 272 3288 Si
296 3228 447 3288 restitutio
470 3230 602 3289 nondum
623 3230 703 3290 facta
723 3231 772 3301 sit,
793 3250 861 3290 enm
879 3233 1015 3294 monebit
1038 3242 1070 3296 ut

131 3324 219 3388 quam
232 3308 360 3386 primum
373 3319 482 3388 potest,
504 3311 651 3368 restituat.
1065 3364 1068 3373 .

171 3388 230 3446 His
243 3398 341 3446 tamen
365 3390 450 3447 caute
465 3390 586 3467 procedi
600 3388 698 3462 debet,
725 3399 759 3449 ut
773 3400 909 3450 servetur
931 3392 1030 3453 honor
1051 3414 1068 3456 e

130 3469 209 3527 fama
222 3466 337 3546 egroti,
359 3479 390 3527 et
404 3480 438 3526 ut
452 3469 516 3546 ipsa
529 3469 681 3529 restitutio
703 3471 783 3528 certe
797 3480 828 3529 et
849 3473 951 3531 secure
966 3465 1070 3555 'quam

129 3549 256 3627 primum
271 3547 332 3618 liat,
353 3567 418 3626 quaa
432 3547 492 3606 dno
507 3549 594 3606 simul
608 3550 684 3626 saepe
698 3558 767 3607 sunt
781 3549 852 3608 satis
861 3550 1000 3611 difficilia.

168 3628 211 3688 ΙΙ.
231 3627 335 3687 Media
347 3647 403 3709 pro
416 3627 506 3689 variis
521 3627 748 3690 circumstantiis
757 3628 909 3710 assignant
923 3631 1070 3696 Authorci

121 3708 305 3787 sequentia:
622 3725 623 3729 ’
