2160 4034
70 176 109 233 42
356 232 360 237 .
445 191 630 234 rnrrcrrrrus

114 297 153 358 R.
175 297 266 374 Nego
281 317 399 375 conseq.
412 298 489 355 ratio
504 308 558 367 est,
583 296 667 376 quod
680 296 744 356 crim
763 297 792 354 in
808 296 860 354 illo
876 315 951 354 casu
972 316 975 353 1

71 395 156 454 agam
172 377 279 445 illiciti,
292 396 348 437 nec
362 378 507 447 omittam,
529 377 609 454 quod
630 375 725 435 debeo
740 387 893 455 praestare,
914 377 970 433 sim

71 453 150 514 bona
163 455 240 524 fide;
260 476 317 515 non
334 457 411 514 enirn
422 457 552 534 impedio
561 456 717 514 transitum
733 475 893 534 pertneum
909 475 975 531 agri

71 555 235 594 neomenm
251 547 297 594 est
311 535 406 612 ipsum
421 555 552 606 monere,
573 548 607 594 ut
616 535 686 613 jure
700 556 753 594 suo
768 546 886 594 utatur:
907 546 975 591 tant·

72 614 176 752 {tpque
190 616 255 674 sino
270 616 364 694 ipsum
376 615 445 691 jure
460 635 514 673 nuo
528 636 586 673 non
601 615 656 685 uti,
678 635 715 673 ex
731 636 789 694 quo
803 614 936 673 nascitur
950 633 975 670 m

85 714 94 750 ι
116 707 205 755 crtus.

113 773 196 833 Idem
208 774 255 832 dic
266 773 303 832 de
315 772 408 841 bonis,
420 793 485 849 quae
495 784 593 832 essent
604 773 769 842 confiscata,
781 780 806 833 ἃ
816 773 853 831 de
865 769 973 830 similih

74 872 139 930 quae
151 852 275 930 poenalia
286 863 371 910 sunt:
386 873 443 917 non
456 867 592 913 tenemur
605 852 655 911 illa
672 856 777 931 sponte
788 854 869 921 dore,
895 851 956 909 &si
969 870 975 908 r

73 943 208 1011 tempore
222 952 280 990 non
295 942 444 1009 petantur,
469 932 547 991 borni
559 931 618 990 fide
632 934 734 991 eadem
749 932 923 991 retinemus.

115 1012 247 1071 Inferes:
268 1031 340 1088 ergo
355 1031 473 1088 possum
486 1013 574 1070 etiam
587 1011 777 1088 praescribere
792 1031 858 1070 mea
872 1010 972 1069 debita

73 1092 203 1150 creditor
217 1111 264 1149 me
278 1111 336 1148 non
352 1102 471 1150 moneat
481 1090 676 1150 necdebitum
692 1102 784 1168 petat.

114 1170 152 1229 R‘.
166 1170 244 1246 Neg.
257 1190 318 1246 seq.
336 1171 504 1247 Disperitas
521 1181 567 1228 est
581 1171 660 1247 qudd
674 1171 703 1227 in
718 1170 771 1228 tali
786 1189 854 1227 casu
868 1187 965 1226 meum

70 1248 185 1326 aliquid
194 1255 316 1326 agere&
327 1270 384 1308 non
396 1253 478 1310 mere
489 1251 616 1310 tolerare
628 1274 636 1318 ;
656 1249 726 1327 quin
739 1248 974 1326 independenter

74 1329 138 1406 ejus
149 1330 312 1387 monitione
323 1329 438 1388 solvere
450 1341 570 1388 teneor:
581 1329 661 1388 unde
670 1329 717 1386 hic
728 1349 784 1405 ago
796 1327 905 1405 injuste
914 1332 972 1384 &m

72 1407 131 1466 fide
145 1408 293 1485 proced0;
313 1408 342 1465 in
357 1408 592 1486 praecedentibus
606 1410 677 1466 vero
691 1407 806 1466 casibus
817 1407 858 1464 nil
870 1424 975 1483 agere<

73 1484 188 1554 behem,
198 1487 249 1544 sed
260 1487 372 1545 tantdm
388 1491 571 1566 permittere,
585 1500 619 1546 ut
628 1486 704 1546 alter
712 1486 783 1564 jore
798 1506 851 1544 suo
866 1496 975 1544 uteretr

72 1566 151 1644 quod
166 1586 230 1623 cum
244 1567 375 1636 fecerim,
396 1567 473 1626 mala
485 1567 544 1626 fide
558 1587 615 1625 non
630 1567 770 1644 processi.

71 1721 113 1782 N.
135 1726 183 1782 rs.
223 1724 285 1783 un
319 1696 816 1866 11s'opppppRm'nrnu1
851 1725 975 1786 Anna

74 1921 98 1979 l.
118 1923 213 1982 Bonoe
223 1923 507 2000 fldci'adversoutur
548 1923 591 1982 ll.
610 1923 695 1982 Mula
710 1923 799 2001 fides,
841 1923 901 1981 Ill.
928 1922 975 1982 Ft

110 2002 206 2060 dubio.
249 2003 304 2063 lv.
337 2003 407 2061 Nisi
428 2003 544 2062 dubium
570 2013 726 2062 mutuetur.
768 2003 806 2061 V.
846 2003 909 2074 Quo
935 2022 975 2060 ser

109 2081 206 2139 melior
228 2083 265 2140 sit
284 2084 406 2141 conditio
423 2084 601 2160 possidentis.
641 2082 697 2143 Vl.
724 2081 955 2140 Manentedubio

109 2161 271 2218 dividenda.
311 2161 544 2239 VILEoceprio.
585 2161 677 2221 Vlll.
690 2160 860 2236 Ipnorantt'u
870 2159 975 2238 culpat:

110 2239 183 2298 obest
195 2239 272 2299 bonoe
281 2240 367 2317 fidei.
409 2240 467 2299 IX.
487 2240 557 2299 Item
570 2243 733 2318 iynoruntia
744 2239 975 2318 inculpabilisjur

105 2360 135 2419 ,1.
157 2359 292 2419 BONAE
306 2360 375 2419 fidei
396 2361 581 2438 potissimrlm
603 2364 662 2422 tria
685 2361 889 2430 adversantur,
910 2379 975 2420 nem

70 2437 145 2498 fides
154 2439 239 2509 mala,
254 2440 327 2497 fides
343 2439 440 2511 dubia,
456 2443 482 2498 &
496 2442 628 2522 quaedam
643 2426 822 2519 ignorantia.l

111 2519 255 2591 Quasnam
269 2519 341 2577 fides
355 2519 403 2576 hlc
416 2520 524 2579 dicitur·
538 2520 614 2580 mala
628 2522 641 2580 Ρ

110 2597 152 2656 ll.
173 2599 213 2658 R.
234 2597 298 2668 Illa,
310 2599 368 2680 qud
381 2600 447 2678 quis
461 2601 594 2677 agnoscit
608 2611 677 2658 ante
692 2609 808 2677 tempus
820 2597 973 2676 praescript

70 2677 116 2735 nis
127 2677 325 2754 completum,
346 2698 509 2758 remquam
524 2679 667 2758 possidet,
689 2698 754 2738 esse
768 2679 903 2737 alienam.
945 2679 975 2742 H

70 2776 185 2836 semper
196 2758 447 2834 proscriptionem
462 2760 572 2819 turbat.

110 2835 160 2893 Ad
174 2837 280 2895 malam
296 2836 384 2894 fidem
396 2837 484 2895 etiarn
494 2839 645 2917 reducitur
654 2837 833 2899 conscientia
843 2835 947 2906 illiciti,
960 2856 975 2894 e

68 2914 233 2976 infundata.
276 2915 323 2975 lta
336 2916 462 2974 habetur
474 2917 526 2975 lib.
539 2921 588 2977 tl.
609 2919 708 2995 digest
729 2927 747 2954 “
759 2916 796 2974 de
811 2916 975 2993 Usucapior

70 2992 87 3073 5
103 2993 136 3052 St
147 2994 236 3053 Fun:
250 3003 268 3033 “
282 2995 312 3054 Si
322 2996 387 3074 quis
399 2995 439 3066 id,
470 2997 528 3056 nod
539 2998 680 3074 possidet,
694 3015 752 3054 non
764 3006 849 3072 putat
858 2996 912 3053 sibi
924 2996 975 3054 lice

69 3082 87 3108 “
102 3091 156 3148 per
169 3073 252 3150 leges
266 3093 436 3152 usucapere,
448 3017 617 3148 dicendum,
632 3074 747 3134 etiamsi
762 3085 851 3144 erret,
874 3094 932 3132 non
948 3094 975 3153 pr

69 3159 87 3187 “
102 3151 207 3210 cedere
220 3154 453 3230 usucapionern.”

109 3230 251 3304 Quaenam
263 3232 337 3290 fides
351 3231 440 3290 dubia
454 3233 539 3293 obest
552 3231 765 3313 prascriptioni
780 3233 793 3292 1

108 3309 170 3369 111.
184 3312 222 3370 R.
245 3314 290 3368 1⁹.
312 3311 500 3371 Conveniunt
515 3315 672 3391 Theologi,
686 3312 762 3394 qu'od
777 3313 812 3381 is,
833 3311 883 3390 qui
898 3310 975 3370 dubit

58 3387 103 3453 ,ab
117 3391 212 3458 initio,
237 3410 273 3448 an
284 3410 332 3448 res
344 3391 383 3448 sit
397 3411 449 3450 sua
463 3392 509 3450 vel
521 3395 652 3462 alterius,
676 3413 735 3450 non
750 3391 844 3469 possit
865 3393 975 3449 1111111

66 3469 190 3528 scientiis
203 3469 281 3527 illam
296 3479 331 3527 ut
344 3489 426 3528 suam
441 3473 602 3548 possidere,
617 3493 651 3532 ac
661 3472 735 3532 adeo
750 3491 804 3529 nec
814 3471 975 3549 prescripti

53 3567 155 3684 ,neggi
159 3549 615 3713 ῃὸι1111111111111ῗ111111ῃ111ξά1111
630 3630 659 3688 in
675 3630 800 3689 decursu
815 3629 975 3708 praescripti

61 3706 107 3764 uis
120 3705 242 3768 fundate
257 3707 382 3780 dubitat,
397 3729 433 3768 an
448 3709 529 3770 licite
543 3711 693 3790 possideat
706 3729 770 3769 rem
783 3708 920 3790 aliquam,
948 3729 975 3767 nr

694 3982 763 4006 Ᾰ
