2160 4034
328 183 689 233 nrsnannrrusrmm.
925 168 982 228 201

56 282 152 346 Hine
165 284 253 358 ratio,
267 295 388 364 quaeat
400 286 546 347 sufficient
559 286 597 345 ad
611 284 806 345 dubitandum
819 285 883 347 aino
893 297 986 349 tenre-

49 373 128 435 ΜΒ,
156 386 217 426 non
241 377 288 425 est
311 385 429 444 temper
448 365 596 425 ruffiniana
617 365 656 424 ad
669 365 878 445 suspirandum
901 368 982 429 idem

49 443 154 515 urium,
175 443 269 505 multo
282 444 381 505 minda
394 445 432 504 ad
441 444 646 522 judicandum.

64 523 246 584 Notandum
261 526 361 594 etiam,
375 525 496 594 motiva,
511 544 576 603 quae
590 524 621 582 iu
635 543 695 582 uno
706 542 776 583 anau
788 524 936 586 sufficiunt
945 527 984 586 ad

49 603 242 683 rapinandnm
257 603 306 662 vel
323 602 518 682 judicandum
532 603 596 663 aine
607 603 786 674 temeritate,
805 605 836 663 in
846 604 986 665 ulio-earu

51 702 92 742 on
106 685 242 743 sufficere
253 705 262 742 r
282 683 325 741 sio
334 682 359 742 ai
370 683 489 743 noveris
500 682 669 761 quempiam
680 680 839 754 ebriorum,
850 696 897 744 eat
907 686 985 745 ratio

49 760 189 821 rubitandi
204 761 253 820 vel
266 761 434 840 auspicandi
458 760 495 820 de
510 761 575 840 ejus
588 763 744 821 castitate:
765 763 910 823 sedidem
926 783 985 823 non

49 842 104 900 neit
117 861 178 900 una
191 839 339 902 ebrietas:
360 841 432 900 item
444 841 469 899 si
480 840 685 918 deprehendar
693 841 835 919 juvenem
850 843 984 921 petulan-

49 940 93 980 em
104 920 202 979 solnm
213 920 244 978 in
258 919 389 980 tenebris
402 940 468 979 oum
484 919 553 990 filia,
568 921 675 980 merito
685 921 844 999 arrapioaria
857 922 985 990 malum-3

49 1020 92 1059 ron
107 1000 181 1060 item
192 1000 217 1059 ai
226 999 346 1059 noveris
355 1019 406 1059 eoa
417 999 555 1059 meditari
568 999 747 1059 conveniens
755 1001 986 1063 matrimonium.

72 1078 117 1139 Ut
131 1096 206 1157 ergo
216 1089 412 1158 cognoscatur
423 1079 584 1149 temeritas,
599 1079 781 1138 considerari
790 1080 900 1140 debent
914 1101 986 1159 qua·

49 1157 135 1217 itatea
144 1158 333 1234 perronae,de
347 1157 563 1237 quuformatur
571 1158 728 1230 dubitatio,
741 1158 987 1239 auspicio,opinio

49 1235 256 1316 utjudioinm:
270 1237 383 1299 deindo
389 1237 504 1298 attendi
513 1236 623 1296 debent
634 1236 725 1309 loona,
731 1248 849 1316 ternpus
859 1238 988 1321 aliaque

49 1316 284 1377 iroumatantiae:
304 1326 336 1376 et
346 1327 417 1376 tunc
426 1319 541 1377 mature
553 1316 733 1395 expendere,
741 1317 812 1399 qnid
824 1339 862 1378 ex
871 1318 988 1378 indioiir

49 1395 536 1489 »oritisprudenterpossitiuferri:
551 1416 619 1455 casu
628 1407 727 1455 autem
736 1417 795 1490 quo
804 1396 870 1476 plda
880 1397 988 1495 infera·

49 1474 988 1634 “affl‘ittt‘ffttttttttttdsstttttt‘it

72 1632 114 1694 R.
136 1633 288 1695 Observat
304 1635 335 1695 S.
349 1634 458 1696 Tbom.
471 1645 527 1694 art.
541 1637 569 1694 3.
583 1633 614 1692 in
640 1644 660 1672 ‘⁴
672 1635 778 1716 Gorp.'’
798 1635 871 1697 oriri
883 1635 987 1715 prmoi·

49 1714 90 1773 tue
101 1733 142 1774 ex
153 1712 200 1773 hia
211 1713 324 1774 tribus:
910 1770 913 1777 .

75 1794 123 1852 10.
143 1792 194 1853 Ex
208 1813 254 1864 eo,
276 1792 356 1871 quod
369 1792 476 1872 aliquia
481 1791 621 1873 judicans
634 1793 665 1852 iu
679 1813 712 1853 se
725 1793 791 1871 ipso
804 1791 899 1853 malua
912 1792 961 1852 rit.

71 1873 123 1931 2⁰.
144 1873 253 1942 Exeo,
274 1873 354 1950 quod
368 1872 474 1953 aliquia
487 1872 564 1932 meld
574 1873 719 1933 afficiatur
730 1892 803 1952 erga
812 1871 949 1933 aiterum.

72 1952 123 2009 8⁰.
138 1952 189 2011 Ex
202 1950 294 2030 longa
304 1952 507 2030 experientia;
526 1951 605 2012 uude
620 1971 705 2011 senes
716 1952 813 2012 nolent
826 1971 891 2013 erae
905 1971 988 2012 mux-

49 2030 272 2109 ωὲειιερίοἰοεὶς
285 2031 988 2113 quiamnltotiesexpertianataliorumdefeotua.

74 2109 127 2169 Ex
140 2109 187 2170 bia
200 2110 296 2169 tribua
310 2111 406 2170 causis
428 2111 492 2170 oola
511 2111 602 2170 tertia
623 2121 746 2170 excusat
759 2109 917 2183 intantdm,
943 2110 988 2170 iu·

49 2187 182 2269 luantrim
196 2190 382 2268 experientia
396 2201 602 2268 argumentum
617 2188 831 2249 subminiatrat.

76 2268 129 2328 Ad
143 2270 319 2329 alterutram
344 2289 386 2328 ex
397 2268 511 2328 duobus
526 2268 674 2345 prioribus
696 2266 906 2329 eaueia'rodnoi
920 2287 988 2348 por·

49 2359 107 2408 mut
121 2348 270 2429 snperbia,
290 2349 365 2408 levia
376 2348 545 2420 credulitas,
566 2348 730 2420 euriositas,
751 2350 804 2407 &a
991 2373 994 2380 ·

49 2505 79 2565 ,1.
101 2507 170 2566 115.
223 2506 284 2567 nit
313 2506 575 2569 GRAVITATE
606 2505 792 2568 ΡΕΟΟΑΤΙ
820 2505 986 2569 wolon

385 2586 646 2648 TEMERARH.

49 2704 65 2765 i.
82 2702 990 2782 Judoacmanmartumoteaeyenerempmaeummo.

78 2782 123 2843 ΙΙ.
143 2783 224 2842 Idem
236 2795 277 2844 eat
293 2787 328 2844 de
340 2787 488 2843 emereria
500 2785 681 2854 dubitatione,
700 2784 750 2860 850.
791 2783 852 2844 111.
871 2783 988 2863 Ropnq·
1007 2790 1009 2795 ’

75 2863 388 2941 nantjuatitr'ae.1V.
407 2863 517 2942 Estque
528 2864 661 2940 oblinatr'o
672 2865 864 2923 rutilationis.

80 2981 308 3056 QUANTUM
320 2994 472 3061 peceatum
484 2992 539 3053 eat,
548 2981 695 3061 judicium
704 2981 905 3052 temerarium,
919 3001 991 3062 qua-

49 3063 127 3123 ’onds
141 3061 281 3120 diminuit
293 3062 401 3120 famam
413 3062 566 3140 proximi?
583 3096 584 3105 κ

80 3141 107 3202 Ι.
123 3140 163 3201 R.
174 3141 230 3199 Eat
241 3160 399 3217 exgenere
409 3162 463 3200 auo
474 3152 625 3219 peecatum
637 3139 772 3200 mortale.
794 3139 991 3199 Probaturex

49 3220 149 3283 iaoobi
164 3240 227 3298 cap.
238 3223 266 3278 4.
278 3220 316 3281 V.
330 3222 375 3279 11.
396 3231 413 3258 “
425 3221 486 3295 Qui
497 3220 627 3281 detrabit
637 3219 734 3291 fratri,
752 3219 864 3298 autqui
873 3217 991 3300 judicat

49 3308 58 3337 ⁸
72 3299 200 3359 fratrem
211 3319 307 3370 snum,
321 3299 452 3360 detrabit
465 3300 561 3378 legi&
570 3300 687 3378 judioat
698 3299 807 3378 legem.

81 3378 233 3438 Probatur
247 3378 336 3437 etiam
351 3381 369 3439 d
382 3379 516 3439 ratione:
537 3379 682 3439 detractio
697 3390 743 3438 eat
760 3393 923 3456 exgenere
936 3393 994 3434 eno

49 3469 198 3535 peecatum
217 3458 364 3528 mortale;
383 3461 465 3538 atqui
484 3458 630 3537 judicium
645 3457 836 3518 temerarium
851 3465 896 3514 est
910 3453 993 3513 velut

49 3537 190 3598 detractio
203 3556 256 3596 reu
271 3537 424 3597 infamatio
438 3538 564 3611 interna,
577 3557 644 3597 oum
655 3558 709 3617 per
722 3536 795 3597 iliud
805 3535 1009 3601 destruamur

49 3636 72 3674 in
86 3626 187 3675 mente
201 3626 304 3676 nostra
317 3615 424 3675 bonam
434 3617 695 3693 existimationem,
703 3634 792 3696 quant
805 3613 848 3679 do
853 3613 1020 3756 proximo!

49 3693 325 3759 intendebamus:
346 3715 429 3778 ergo,
449 3701 501 3759 &o
719 3698 731 3719 ⁰
935 3715 941 3729 ·
