2160 4034
88 182 125 241 18
479 197 667 242 amaracus

1062 255 1078 289 tl

126 301 165 362 R.
187 301 318 372 Lessius,
335 301 487 381 Wiggers,
503 304 551 363 De
567 304 687 382 Gocq'&
700 301 857 372 Daelman,
871 319 907 361 ea
920 301 1030 362 babent
1062 292 1078 325 ⁵*

84 381 411 460 quasi-patrimonialia,
433 388 458 443 81
472 402 516 453 ca,
538 403 603 461 quat
616 393 685 442 ante
700 383 828 441 diximus
842 380 1032 461 quasi-patri·
1060 361 1078 435 t·

79 460 236 530 monialis,
250 473 446 520 annumerant
460 462 516 540 ipsi
530 460 795 540 patrimonialibus.

99 619 111 678 l
125 540 267 619 Stoyaert
280 542 297 600 ὲ
311 552 415 599 contra
427 542 454 599 a
469 541 607 601 Pauwels
627 551 735 601 vocant
754 561 790 601 ea
804 541 894 601 Sacra
906 559 963 600 seu
975 540 1033 601 Ec·
1063 525 1073 563 Β

84 619 259 680 casiastica.
908 664 911 669 ,
1063 620 1068 644 ¹

125 699 186 758 lll.
208 698 467 758 Patrimonialinm
483 699 590 759 Clerici
611 710 680 758 sunt
700 699 765 758 veri
779 705 805 759 dr
817 697 948 759 absoluti
971 697 1035 759 Do-
1061 688 1078 725 ¹

83 777 169 850 mini,
182 777 258 837 sicut
271 784 296 837 dr
310 778 657 858 quasi-patrimonialium
672 779 769 857 primo
788 778 855 837 loco
869 777 1037 856 descripto·
1060 768 1078 808 Ι

84 877 161 927 rum,
175 858 232 915 nisi
247 857 459 937 quodpropter
470 859 647 918 sanctiorem
659 869 768 919 statum
787 859 884 937 magis
896 856 1035 921 modeste
1060 849 1078 889 ¹

86 935 215 996 debeant
228 937 266 995 de
280 938 317 994 iis
330 937 498 1014 disponere.
1060 942 1078 971 ²

126 1017 176 1075 De
189 1016 275 1074 bonis
288 1027 397 1085 autem,
422 1037 487 1095 quae
501 1036 541 1075 ex
553 1016 719 1076 ministerio
733 1015 863 1075 clericali
876 1016 1040 1093 acquirun-

86 1105 146 1165 tur,
162 1095 264 1153 divisre
277 1106 346 1153 sunt
367 1097 538 1154 Autborum
552 1097 716 1154 sententiae.
758 1097 833 1154 Pars
845 1112 1037 1174 magnacum
1075 1126 1078 1133 ·

88 1173 236 1234 Daelman
256 1175 400 1233 reducens
424 1194 460 1234 ea
482 1175 521 1233 ad
534 1175 860 1252 quasi-patrimonialia,
887 1174 1039 1234 sustinent

88 1253 169 1347 qubd
194 1253 300 1313 Clerici
325 1253 443 1313 illorum
466 1254 594 1312 babeant
620 1253 788 1313 absolutum
815 1253 979 1315 dominium
1001 1271 1039 1313 ac

86 1333 211 1392 lrberam
227 1333 462 1410 dispositionem,
476 1333 553 1391 sicut
565 1333 817 1410 patrimoniolium
828 1357 837 1403 ;
850 1333 920 1410 quia
934 1333 1039 1415 hujus·¹

86 1412 168 1472 modi
184 1411 342 1470 honoraria
355 1432 433 1471 nunc
443 1412 576 1471 absolute
587 1412 695 1472 dantur
705 1411 837 1472 sindulla
846 1412 1038 1473 restrictione

88 1491 126 1551 ud
141 1502 254 1550 certum
268 1511 362 1549 usum.
1034 1526 1039 1541 ·
1074 1508 1078 1533 ²

130 1570 271 1648 Steyaert
285 1591 351 1628 cum
375 1570 441 1629 aliis
461 1570 604 1631 reducens
618 1591 654 1630 ea
666 1571 704 1630 ad
727 1571 805 1631 bona
818 1570 1038 1641 Ecclesiastico,
1070 1578 1078 1641 ξ

89 1649 251 1721 contendit,
278 1670 314 1709 ea
335 1651 413 1728 paris
437 1670 502 1708 esse
523 1651 701 1710 conditionis
727 1671 792 1709 cum
808 1649 1037 1721 Ecclesiasticis,
1066 1680 1072 1693 ι

89 1730 156 1789 edm
169 1739 296 1807 utraque
309 1730 369 1788 sint
382 1741 453 1788 vota
465 1730 606 1800 fidelium,
621 1737 646 1788 dr
659 1730 770 1789 imitari
783 1728 941 1788 videantur
954 1727 1038 1788 obla·
1064 1736 1078 1773 Β

88 1810 187 1948 {polines
195 1809 359 1886 primorum
373 1819 550 1886 temporum.
586 1810 665 1871 Vide
675 1809 771 1888 ipsum
782 1809 812 1867 in
821 1805 1038 1888 appendicead
1061 1816 1078 1852 ¹¹

135 1889 144 1945 i
188 1907 244 1945 ers.
1030 1938 1034 1949 .
1062 1894 1070 1932 ἒ

130 1908 272 2040 {sinnam
297 1964 375 2024 bona
389 1985 427 2025 ex
450 1967 581 2026 omnium
596 1968 744 2028 sententia
757 1976 827 2027 sunt
839 1966 966 2026 dicenda
979 1964 1036 2026 11η-

90 2045 277 2104 elesiastica?
1057 2054 1078 2092 b*

131 2126 170 2186 R.
193 2124 257 2194 llla,
269 2143 334 2201 quae
344 2124 432 2184 titulo
443 2123 578 2185 beneficii
588 2135 640 2185 aut
650 2124 1036 2205 dignitatisEcclesiasticoe,
1056 2132 1071 2173 ff

91 2224 120 2263 v.
128 2223 158 2282 g.
168 2202 558 2282 Decanatsis,acquiruntnr;
568 2207 646 2265 unde
658 2213 683 2266 dr
693 2205 876 2266 beneficialis
885 2214 1037 2264 vocantur.

122 2285 173 2342 An
181 2283 288 2342 Clerici
300 2283 409 2342 habent
419 2284 583 2343 dominium
592 2284 1036 2345 bonorumEcclesiasticornm?
1058 2276 1068 2334 l

134 2363 190 2423 IV.
211 2363 250 2423 R·
273 2363 380 2422 clerici
402 2383 460 2421 non
485 2363 595 2423 habent
617 2365 778 2423 dominium
793 2362 973 2442 praediorum
987 2356 1076 2423 seull

94 2443 255 2502 fundorum
269 2441 493 2514 beneficialium,
518 2444 570 2502 sed
584 2444 797 2502 usumfructum
812 2448 839 2520 dg
851 2442 1038 2502 administra·
1060 2440 1066 2493 ἰ

92 2524 215 2581 tionem.
1065 2559 1067 2565 ν

131 2602 171 2662 V.
193 2602 269 2661 Sunt
282 2613 381 2660 tamen
393 2601 552 2660 hodiedum
564 2602 757 2660 reriDomini
767 2611 977 2680 proventuum,
988 2602 1038 2679 qui
1060 2560 1078 2615 a

39 2711 45 2720 ·
91 2681 251 2743 necessarii
260 2692 329 2739 sunt
339 2680 375 2738 ad
385 2700 544 2758 congruam
554 2681 683 2758 ipsorum
694 2682 948 2740 sustentationem.
970 2682 1039 2741 Hoc
1062 2662 1078 2776 'p'

94 2761 251 2819 manifeste
273 2761 412 2838 supponit
428 2759 539 2820 concil.
554 2760 637 2820 Trid.
661 2761 738 2820 Sess
751 2763 800 2820 24.
820 2780 883 2838 cap.
899 2763 945 2818 1⁶2.
967 2770 987 2798 “
1000 2759 1038 2820 de

95 2850 114 2878 “
126 2838 278 2899 Reform.”
289 2845 313 2898 u
325 2839 394 2897 alibi
406 2859 491 2917 saepe,
505 2838 557 2898 ubi
567 2841 662 2898 utitur
672 2841 800 2900 termino
815 2851 832 2878 “
844 2842 957 2899 fructus
968 2858 1039 2899 snos

96 2928 115 2957 “
126 2917 250 2987 lacere‚”
272 2919 321 2995 qui
336 2920 478 2996 importat
491 2919 714 2996 acquisitionem
729 2919 862 2978 dominii.

137 2998 211 3057 Dixi
226 3006 243 3034 “
254 2996 440 3066 hodiedum,'¹
468 2998 579 3057 scilicet
601 3011 756 3076 postquam
770 2997 878 3057 divisio
891 2997 1040 3059 bonorum
1067 3022 1078 3063 t

95 3076 370 3137 Ecclesiastieorum
385 3077 463 3135 facta
476 3087 531 3147 est,
545 3097 610 3155 qum
623 3077 760 3136 inchoata
773 3076 891 3134 videtur
904 3076 958 3135 sub
971 3076 1039 3156 Syl·
1068 3102 1078 3144 t

95 3167 197 3215 vestro
213 3156 296 3233 Papa
309 3155 347 3213 ad
360 3174 467 3212 annum
482 3158 550 3214 324.
564 3163 589 3216 dr
603 3157 655 3219 vix
676 3155 809 3234 perfecta
830 3156 888 3214 fuit
902 3166 1040 3233 tempore
1069 3184 1078 3225 r

97 3236 129 3296 S.
143 3235 275 3302 Thomae,
303 3235 354 3312 qui
378 3232 452 3291 obiit
478 3253 556 3293 nuno
580 3237 665 3294 1274.
689 3246 721 3293 ut
742 3233 891 3312 colligitur
914 3255 953 3293 ex
968 3237 996 3293 2.
1009 3237 1040 3293 2.
1070 3266 1073 3295 ε

95 3335 124 3393 q.
142 3317 207 3373 175.
215 3334 241 3371 a.
250 3317 278 3372 7.
289 3314 348 3391 qud
358 3312 503 3373 divisione
513 3308 570 3373 una
583 3335 651 3392 pars
665 3312 807 3373 bonorum
816 3313 1041 3374 Ecclesiastico·
1071 3346 1078 3386 t

93 3413 162 3452 rum
176 3393 265 3530 caepit
278 3393 437 3471 Episcopo,
451 3393 578 3452 secunda
588 3393 684 3465 Claro,
693 3394 782 3452 tertia
789 3393 918 3464 fabrica,
932 3403 1041 3472 quarta
1072 3426 1078 3464 ι

118 3492 286 3531 suerrus.

96 3493 117 3551 p
136 3493 219 3612 Apnte
233 3551 408 3610 divisionem
422 3552 573 3629 spectabat
584 3551 745 3610 dominium
756 3551 793 3611 ad
805 3561 900 3610 totum
912 3561 1021 3612 emtum
1032 3576 1041 3624 ;
1074 3590 1078 3627 ,

95 3637 121 3691 dr
134 3651 174 3690 ex
187 3631 334 3690 communi
347 3630 577 3689 massadabatur
591 3630 719 3702 cuilibet,
733 3642 823 3709 prout
836 3651 910 3710 opus
924 3642 998 3692 erat.
1075 3682 1078 3705 ,

136 3711 279 3786 Quaenam
294 3709 402 3771 dicitur
416 3710 592 3771 sustentatio
602 3711 761 3789 congrua?

1067 2437 1078 2496 ξε

683 3960 776 4002 tx.
