2160 4034
366 126 410 168 ue
431 125 679 170 conraaomeue.
942 111 999 171 tut

173 264 243 328 DE
264 264 624 328 CONTRACTIBUS
648 265 888 330 ONEROSIS.

133 425 177 485 N.
197 428 246 484 25.
295 425 355 484 DE
375 426 922 488 EMPTIONE-VENDITIONE.

52 545 81 605 l.
105 546 375 625 Emptievenditie.
430 545 472 605 ll.
491 545 544 605 Aa
554 566 615 604 eom
629 548 688 605 tria
699 549 906 624 requiruntur:
948 546 1010 606 lll.

88 627 190 692 Mem,
232 625 288 685 lv.
308 624 451 694 Pretium,
492 625 532 685 V.
552 625 764 686 Etoomeaeue.
786 626 843 686 Vl.
856 625 1008 686 Adtruua·

78 706 239 783 ferendum
251 705 409 762 dominium
427 706 512 763 edom
526 706 652 763 traditio.
915 748 920 755 .
996 728 1000 737 ¹

95 822 209 897 QUID
224 832 269 882 est
283 821 572 902 emptio-venditio?

94 901 124 961 1.
145 901 185 962 R.
206 902 262 961 Est
276 913 453 969 contractae,
469 921 528 980 quo
542 922 590 962 res
603 901 702 981 eliqua
715 922 774 982 per
788 913 925 964 mutuum
939 926 1008 967 eoa-

49 998 176 1040 eensum
190 983 289 1060 pretio
303 992 511 1040 commutatur.

96 1060 330 1120 Contractushie
339 1060 502 1139 completus
512 1059 665 1120 duoselioe
674 1060 757 1138 quasi
768 1061 908 1140 partiales
917 1066 1010 1124 eonti-

51 1150 118 1210 net,
130 1139 244 1199 seilicet
253 1158 293 1199 ex
303 1156 387 1218 parte
398 1140 485 1199 uniue
499 1150 518 1178 “
530 1140 758 1210 venditionem,''
768 1160 833 1218 qnoe
842 1152 887 1201 est
901 1152 919 1180 “
928 1144 1010 1203 datio

54 1227 75 1256 ‘³
90 1220 200 1277 merois
223 1238 278 1298 pro
298 1221 406 1298 pretio,
428 1221 507 1278 &ex
530 1230 615 1298 perte
629 1218 751 1278 alterius
772 1221 1010 1299 “emptionem’'

57 1316 127 1377 qum
142 1308 188 1356 est
207 1307 226 1336 ‘⁸
237 1298 319 1357 datio
342 1298 430 1377 pretii
453 1317 507 1376 pro
522 1318 620 1358 meree
630 1307 648 1357 ι’
659 1309 690 1358 et
714 1299 783 1358 inde
798 1319 873 1358 unus
887 1311 1011 1361 vocatur

56 1386 77 1414 “
92 1376 261 1447 venditor‚”
273 1376 351 1436 alter
365 1387 383 1415 “
393 1377 537 1456 emptor.”

99 1457 191 1516 Patet
211 1467 395 1516 contractum
415 1457 768 1535 emptionis-venditionis
783 1476 847 1516 esse
860 1459 1011 1543 utrimque

59 1554 235 1604 onerosum
248 1556 354 1614 nempe
364 1557 402 1596 ex
411 1548 497 1614 perte
509 1537 672 1596 venditoris
681 1547 727 1595 est
739 1535 882 1614 obligatio
893 1541 1012 1600 traden-

63 1614 92 1674 di
99 1634 165 1673 rem
176 1614 326 1674 venditam
338 1615 509 1694 emptori&
519 1635 558 1674 ex
569 1624 654 1693 parte
664 1615 1011 1694 emptoris,pereolvendi

64 1695 206 1773 pretium,
226 1694 263 1753 de
277 1715 336 1775 quo
350 1706 527 1753 conventum
542 1704 597 1752 est.
630 1710 633 1715 ·

103 1772 146 1833 ll.
161 1774 251 1833 Patet
260 1775 351 1832 etiam
362 1772 802 1851 ademptionem-venditionem
813 1775 872 1834 tria
881 1772 1008 1855 requiri:

67 1854 111 1911 1⁰⁶
125 1871 265 1922 mercem,
286 1856 335 1911 20.
347 1853 489 1930 pretium,
510 1855 558 1911 3⁰.
572 1872 755 1913 eonsensum.

103 1931 382 2009 Quidjntelligitur
395 1931 515 1990 nomine
528 1931 656 1992 merois?

104 2010 167 2070 Ill.
189 2010 228 2069 R.
251 2011 434 2088 intelligitur
444 2030 531 2071 omne
545 2011 586 2080 id,
601 2010 678 2089 quod
693 2012 790 2089 pretio
805 2015 1010 2075 mensurari&

64 2089 186 2150 alienari
207 2101 315 2168 potest,
337 2091 399 2149 sive
414 2091 473 2148 sint
487 2110 535 2150 res
549 2089 727 2167 corporales,
743 2103 776 2148 ut
790 2112 873 2168 ager,
895 2093 1010 2166 domus,

63 2189 165 2250 grana,
180 2171 231 2228 &e
246 2170 308 2228 sive
323 2168 532 2248 incorporales,
547 2178 582 2228 ut
590 2168 670 2247 jura,
684 2169 825 2242 aetiopes,
840 2173 892 2230 &e

105 2247 189 2323 Quid
204 2259 250 2307 est
263 2249 392 2326 pretium
408 2248 538 2308 merois?

103 2328 162 2389 lv.
183 2328 223 2386 R.
243 2329 300 2386 Est
314 2347 451 2386 mensure
465 2328 573 2386 valoris
593 2326 686 2404 ipsius
699 2327 815 2387 mercis.

103 2404 201 2482 Qu‘ale
215 2408 344 2485 pretium
359 2407 536 2485 intelligitur
546 2407 577 2464 in
586 2406 758 2466 definitione
769 2407 1012 2486 emptionis-ven-

63 2487 212 2547 ditionis?

104 2567 144 2625 R.
160 2565 377 2637 Pecuninrium,
395 2564 528 2648 illudque
542 2565 781 2636 determinatum,
795 2571 821 2624 dl
832 2567 873 2625 ita
887 2568 1012 2646 emptio·

63 2644 199 2705 venditio
208 2644 309 2704 differt
320 2647 338 2704 i
348 2646 584 2723 permutatione;
595 2665 661 2703 nam
672 2645 851 2722 permutatio
861 2657 907 2704 est
917 2655 935 2684 “
947 2667 1014 2726 pao·

64 2734 83 2764 ⁴¹
97 2724 142 2784 tio
156 2725 262 2782 mercis
277 2743 331 2802 pro
345 2724 469 2792 meree,”
496 2723 571 2783 adeo
593 2735 627 2782 ut
651 2724 681 2781 in
697 2723 916 2802 permutatione
929 2726 1014 2787 valor

67 2804 154 2863 enine
178 2806 285 2861 mercis
312 2803 351 2862 ait
374 2822 512 2862 mensure
536 2802 645 2862 valerie
672 2801 793 2862 ulterius
820 2804 947 2865 merois:
981 2808 1013 2866 in

66 2882 403 2976 emptione-venditione
424 2891 525 2942 eutem
547 2881 673 2962 pecunia
693 2892 740 2940 eet
752 2902 891 2943 mensura
905 2885 1016 2947 valoris

66 2981 184 3022 merere.

107 3039 268 3114 Quomodo
285 3041 438 3119 perficitur
452 3049 621 3100 contractae
636 3040 1014 3118 emptionis-venditionis?

97 3120 147 3181 ‘V.
168 3119 208 3178 R.
230 3121 289 3177 Per
303 3139 334 3178 se
347 3120 497 3199 loquendo
512 3118 618 3179 suffieit
631 3119 711 3179 aolus
726 3140 884 3180 consensus
898 3134 1014 3183 eontra·

68 3199 202 3258 beatium
226 3199 288 3257 sine
312 3199 482 3270 traditione,
510 3200 656 3278 scripturi
677 3207 729 3258 out
752 3201 834 3259 uerti
856 3201 1014 3261 verborum

67 3278 165 3337 sormi
180 3289 212 3336 ut
225 3292 362 3337 nascetur
373 3279 516 3357 obligatio
525 3278 661 3356 justitie,
673 3298 769 3357 neque
783 3279 870 3338 liceat
880 3280 1016 3340 alterutri

70 3357 308 3417 contrabentium
323 3357 417 3416 altero
433 3359 526 3416 invito
537 3356 660 3417 resilire.

107 3436 156 3497 Vl
163 3462 166 3491 τ
178 3435 320 3495 Attamen
332 3438 546 3515 (statuentibus
556 3435 738 3531 italegibue)
747 3449 815 3498 ente
825 3437 1015 3500 traditionem

68 3516 176 3575 mertis
189 3535 249 3573 non
274 3517 450 3575 transfertur
473 3517 550 3574 illiue
564 3515 736 3588 dominium,
763 3517 819 3575 nisi
834 3536 881 3576 ree
894 3510 1039 3578 venditn'.

61 3595 150 3664 ,foret
165 3594 288 3655 civitati
302 3594 444 3655 Eeclesiie
464 3596 588 3675 aliisque
601 3596 658 3675 piis
672 3597 776 3667 causis,
797 3607 830 3655 at
843 3597 955 3657 dietum

68 3672 102 3734 N
134 3692 163 3733 n.
186 3676 235 3735 23.
261 3674 329 3739 “de
349 3674 426 3738 Jore
449 3686 481 3738 et
502 3674 663 3739 iustitie?
684 3674 749 3737 lure
772 3693 828 3736 aee
851 3674 999 3739 dominia!

132 3812 148 4002 l
