2160 4034
284 197 328 238 on
348 195 429 238 sonu
451 194 491 237 ar
511 195 665 238 susurria.
895 184 963 242 219·

43 297 99 359 lll.
122 299 160 360 R.
181 300 383 378 Haecplirasis
398 299 555 379 desumpta
576 311 679 360 estex
700 298 875 362 innocentio
891 305 951 366 XI.

43 398 60 438 i.
106 380 330 439 Srenrsicasrr.
345 381 443 439 Extra
455 381 515 457 leg.
530 384 557 437 5.
572 381 619 438 tit.
637 383 681 438 12.
691 383 717 438 dv
727 381 877 442 Alexand.
890 386 904 444 l
910 386 950 445 ΙΙ.

43 476 61 517 t.
106 459 140 519 Sr
161 477 245 517 vuao
265 468 283 497 “
295 460 333 518 de
347 460 494 519 sententia
508 462 849 521 excommunicationis.’'
890 466 950 525 Re-

43 537 92 596 irit
106 549 206 598 autem
220 558 273 597 sex
287 539 482 597 conditiones.

43 616 95 678 lv.
119 619 237 678 Prima:
259 619 302 677 Ut
321 621 384 696 ipsa
404 619 538 677 defensio
560 619 611 676 fiat
634 639 692 677 non
715 620 751 678 ad
777 622 950 682 sumendam

43 697 170 768 idiotam,
194 698 247 756 sed
269 698 306 756 ad
328 697 554 776 propulsandam
574 697 730 775 injuriam:
751 711 855 760 contra
876 701 951 761 hanc

43 776 200 912 :plitionem
224 788 336 856 peccat,
365 776 415 855 qni
438 797 471 836 se
494 777 628 836 defendit
655 798 695 837 ex
722 779 774 849 ira,
805 780 874 839 odio
900 793 951 842 aut

67 857 137 915 icta.

43 935 193 996 Secunda:
216 937 259 996 Ut
280 936 399 995 invasus
420 954 479 994 non
503 945 602 994 utatur
616 936 723 1014 majori
736 937 767 994 vi
788 937 951 1011 defensivd,

43 1022 84 1072 lm
107 1016 149 1074 sit
169 1036 243 1094 opus
261 1016 297 1073 ad
319 1015 510 1074 avertendam
525 1026 651 1073 mortem
667 1019 860 1077 intentatam:
882 1019 951 1078 hinc

44 1114 157 1154 nvasus
171 1095 298 1154 evadere
312 1095 406 1172 possit
419 1095 571 1173 fugiendo,
587 1094 749 1165 clnnrando,
771 1099 950 1158 excutiendo

44 1175 145 1233 aseris
165 1194 255 1245 armo,
279 1174 471 1243 vulnerando,
496 1174 547 1231 dic.
565 1174 669 1233 illicite
683 1194 714 1233 se
729 1175 863 1235 defendit
883 1197 951 1237 cum

43 1253 145 1313 islone
160 1255 314 1313 invasoris.

43 1332 159 1392 festia:
181 1335 224 1393 Ut
237 1354 305 1392 vera
317 1334 360 1391 vis
372 1332 533 1392 inseratur:
555 1332 627 1391 alies
642 1352 700 1392 non
715 1334 794 1393 foret
806 1334 950 1409 defensio,

67 1414 242 1490 aggressio:
263 1422 294 1472 et
317 1423 351 1471 ut
373 1411 536 1471 defendens
558 1413 618 1470 vim
640 1413 751 1472 illatam
772 1415 898 1495 repellat
919 1417 958 1475 vi'

43 1491 101 1550 iilis
115 1493 245 1570 generis.

43 1571 119 1630 ilinc
140 1593 197 1630 non
216 1582 301 1650 potes
315 1572 478 1649 praevenire
494 1574 519 1629 ds
534 1572 668 1631 occidere
690 1573 781 1641 illurn,
804 1574 855 1652 qui
877 1574 949 1634 solis

43 1651 82 1709 iis
97 1651 153 1709 tibi
167 1662 294 1710 mortem
316 1654 454 1723 intentat,
475 1670 571 1729 neque
593 1651 738 1711 latronem
757 1652 812 1710 tibi
828 1652 950 1713 obvium

48 1729 80 1786 in
96 1741 128 1789 te
141 1743 209 1789 actu
222 1730 411 1799 molientem;
431 1750 528 1810 neque
542 1730 632 1789 etiam
647 1750 724 1801 eum,
739 1732 789 1812 qui
804 1732 883 1802 dolo,
903 1734 949 1791 in·

43 1810 78 1868 lis
101 1821 154 1869 aut
178 1811 323 1870 calumnia
346 1811 401 1869 tibi
427 1822 554 1868 mortem
578 1810 692 1869 inferre
715 1822 848 1882 conatur,
876 1815 958 1890 putd'

43 1906 99 1946 ium
115 1902 325 1962 accusatorem,
340 1890 445 1949 falsum
460 1900 578 1959 testem,
594 1892 645 1949 &c
660 1898 693 1949 ut
704 1900 820 1949 constat
830 1911 869 1951 ex
879 1911 948 1970 pro-

43 1968 142 2028 tatone
157 1971 295 2028 damnata
309 1990 398 2048 snpra
412 1970 511 2028 citata.

43 2049 110 2108 llaec
124 2061 223 2109 tamen
244 2072 301 2109 non
325 2053 366 2109 ita
386 2050 530 2128 intellige,
553 2050 635 2129 quasi
656 2051 774 2108 invasus
788 2060 948 2128 expectare

43 2139 113 2199 teat,
134 2130 228 2189 donec
243 2132 361 2189 invasor
375 2129 502 2208 primum
517 2133 608 2190 ictum
624 2130 750 2200 dederit,
765 2129 817 2188 sed
831 2131 947 2200 sufficit,

43 2226 60 2265 n
74 2207 189 2286 aliquid
201 2230 299 2287 agere,
314 2229 372 2291 quo
384 2220 539 2269 censeatur
550 2209 704 2269 moraliter
714 2209 864 2281 invadere,
878 2229 907 2269 v.
918 2230 948 2289 g.

45 2306 91 2346 am
107 2290 236 2366 stringat
250 2310 361 2359 ensem,
376 2289 486 2367 dirigat
502 2291 676 2368 sclopetum,
692 2291 743 2346 dcc.

43 2366 168 2438 Quarta:
196 2370 236 2428 Ut
250 2369 372 2428 effectus
389 2368 484 2426 bonus
503 2369 684 2428 defensionis
706 2368 873 2445 praevaleat,
895 2379 947 2428 aut

43 2464 99 2504 :em
118 2448 256 2530 adaequet
277 2451 413 2508 effectum
435 2450 561 2507 malum:
582 2448 712 2525 alioquin
729 2448 846 2507 deesset
861 2447 945 2524 justa

43 2544 90 2583 aa.
134 2528 214 2587 Vide
228 2528 258 2586 id
272 2529 361 2587 latids
376 2528 455 2605 apud
472 2529 519 2586 De
535 2529 614 2608 Cocq
630 2529 655 2584 ἃ
671 2527 826 2585 Daelman.

43 2604 166 2677 Quinta:
190 2609 232 2666 Ut
247 2609 370 2666 effeetus
391 2608 484 2665 malus
499 2627 557 2666 non
572 2617 714 2685 sequatur
729 2605 900 2664 immediate
914 2616 945 2665 et

43 2688 116 2754 ecte,
139 2697 170 2745 et
195 2687 317 2746 effectus
332 2688 426 2746 bonus
445 2688 561 2746 tantdm
582 2685 710 2744 mediate
735 2697 766 2743 et
790 2684 944 2755 indirecte,

43 2783 60 2821 a
82 2764 140 2823 hoc
160 2778 239 2825 esset
258 2767 356 2826 faeere
376 2766 496 2835 malum,
520 2776 555 2825 ut
569 2765 688 2823 eveniat
701 2763 821 2823 bonum.
864 2765 944 2823 Hinc

43 2842 136 2902 ilicet
149 2846 296 2923 projicere
311 2846 453 2904 infantem
468 2847 497 2902 in
513 2857 645 2923 puteum,
660 2854 694 2901 ut
709 2843 885 2920 baptizetur.

43 2922 144 2982 iaxta:
171 2926 210 2984 Ut
220 2947 299 2984 mors
309 2927 452 2984 invasoris
462 2946 519 2983 non
530 2924 711 2993 intendatur,
722 2944 818 3003 neque
829 2923 945 2995 utfinis,

43 3023 88 3079 pie
99 3015 134 3061 ut
146 3006 284 3075 medium,
296 3026 393 3083 neque
405 3016 437 3063 ut
448 3005 571 3063 effectus
583 3003 776 3072 defensionis3
798 3005 867 3080 quia
877 3003 946 3062 crim

43 3082 945 3161 :itumsitprivatslauthoritatehominemoccidere,illicitum

43 3181 109 3242 ique
125 3175 180 3231 est,
196 3164 273 3240 qudd
287 3166 406 3222 invasus
421 3164 555 3222 intendet
570 3165 736 3221 invasorem
751 3163 895 3220 occidere.

43 3241 145 3300 .’ositis
159 3241 204 3300 liis
218 3243 446 3313 conditionibus,
468 3242 579 3301 nullum
595 3252 641 3301 est
655 3252 817 3319 peccatum,
838 3243 942 3319 nequi·

43 3341 57 3377 n
86 3332 192 3380 contra
219 3323 391 3381 charitatem
420 3324 469 3403 (ut
491 3323 633 3381 commuis
661 3321 750 3380 habet
778 3322 940 3397 sententia)

43 3419 81 3457 im
107 3419 191 3458 snam
215 3423 281 3460 cum
304 3404 451 3461 occisione
476 3401 578 3478 injusti
597 3401 744 3459 invasoris
764 3400 940 3464 defendere:

43 3528 45 3536 .
69 3480 152 3538 forte
173 3482 292 3540 invasor
310 3493 388 3540 esset
408 3500 535 3561 persona
558 3482 725 3541 necessaria
748 3478 795 3536 vel
816 3479 942 3536 multilm

45 3562 70 3617 is
92 3559 272 3637 reipublicae,
298 3573 349 3619 erit
362 3561 420 3619 alia
434 3561 655 3619 circumstantia
676 3568 852 3626 occurreret,
875 3579 941 3636 quea

43 3649 119 3697 taret
132 3639 224 3697 vitam
240 3640 383 3699 invasoris
398 3640 612 3718 praeferendam
627 3659 692 3699 esse
706 3639 775 3695 vites
789 3639 893 3698 invasi.

43 3719 70 3778 l.
85 3718 237 3778 Probatur
252 3720 313 3782 hac
327 3721 475 3781 sententia
492 3723 536 3779 10.
551 3740 590 3781 ex
605 3720 635 3780 S.
651 3718 823 3796 Arigustino
837 3724 960 3797 quest}

71 3816 140 3856 von.
151 3817 185 3858 11.
457 3818 477 3859 Τ
