2182 4036
69 133 128 195 let
249 130 255 146 '
451 143 639 187 amuranus

68 263 89 296 “
104 255 198 314 Pater
211 246 494 319 misericordiarum,
517 248 543 305 a
562 247 647 306 Deus
660 246 734 307 totis
747 235 975 306 consolationis!¹
1011 257 1026 315 ε

67 333 108 395 ad
123 329 260 393 Corinth.
274 347 338 407 cap.
353 329 380 386 1.
987 332 990 341 '

110 412 162 472 An
176 408 318 488 conjuges
338 405 422 465 licite
441 404 577 465 revelent
599 404 658 467 sihi
676 406 806 473 invicem
820 401 897 465 vitia

69 489 324 554 domesticorum?
935 498 939 505 '

109 572 150 634 V.
170 570 210 631 R.
233 568 313 627 Dist.
336 566 368 627 Si
382 563 491 625 notitia
504 564 623 624 illorum
635 585 696 625 nou
710 574 828 645 spectet
841 562 914 625 add
950 560 958 577 ⁸

69 650 192 713 familia
202 645 459 727 gubernationem,
469 645 529 704 erit
537 664 655 724 semper
665 645 827 717 detractio;
841 644 970 705 danen

69 751 135 793 eam
150 736 276 808 spectet,
291 736 361 785 tunc
375 724 445 784 talis
458 723 603 784 revelatio
617 724 699 784 licita
712 735 767 796 est,
788 728 963 808 inquantum

68 806 237 872 necessaria
258 825 313 885 pro
335 814 440 864 mutuo
460 803 582 863 consilio
597 814 649 863 aut
662 805 775 865 anxilio
788 805 827 865 ad
842 803 921 865 mala
939 822 957 879 ,⁸

69 888 178 957 tenda3
199 888 269 944 hinc
283 885 308 944 si
322 905 399 944 nnus
413 883 573 963 conjugum
588 885 659 943 satis
677 885 838 944 efficaciter
851 882 959 943 malum

71 969 210 1030 damnum
225 964 320 1044 possit
334 963 490 1043 impedire,
504 962 607 1022 illicite
621 963 672 1023 illa
685 964 799 1024 revelat
812 962 978 1043 comperti..

111 1049 163 1108 An
184 1056 230 1106 est
251 1045 397 1105 detractio
426 1042 560 1103 revelare
589 1043 704 1103 occulta
723 1045 799 1105 vitia
817 1044 870 1104 vel
893 1043 913 1105 d

72 1126 305 1188 defunctorum?

110 1205 169 1268 vl.
189 1207 228 1266 R,
244 1203 448 1264 Affirmative:
470 1202 672 1284 Preterquam
684 1202 764 1263 enim
777 1203 952 1282 quodsape
976 1198 983 1215 '

72 1306 177 1348 eornm
198 1285 312 1364 posteri
339 1283 408 1342 inde
432 1282 623 1350 infamentur,
650 1283 708 1362 ipsi
734 1284 848 1347 mortui
874 1280 954 1362 possi

71 1369 181 1427 famam
196 1363 275 1444 apud
290 1362 383 1433 vivos,
406 1369 432 1423 81
445 1363 522 1421 sicut
536 1372 605 1420 sunt
619 1362 649 1421 in
663 1362 795 1441 gloriosa
808 1362 957 1423 recordati

71 1447 116 1506 ita
130 1446 160 1504 in
175 1463 226 1504 ens
241 1442 438 1502 committitur
452 1441 650 1519 ignominiosa
663 1441 819 1503 detractio.

112 1524 251 1599 Qualiter
265 1532 376 1601 peceat,
386 1523 438 1601 qui
450 1531 552 1580 narrat
566 1522 713 1581 occultum
725 1523 848 1594 crimen,
859 1541 920 1583 non
970 1584 973 1589 ,
992 1516 1000 1533 “

76 1605 149 1665 nath
161 1603 291 1683 personia
304 1602 334 1660 in
348 1600 543 1680 particulari?

112 1684 188 1748 vll.
209 1683 248 1743 R.
271 1682 305 1742 Si
319 1702 358 1741 ex
371 1681 543 1741 narratione
558 1680 638 1741 nulla
647 1701 775 1759 persona
785 1680 924 1761 dignosci
936 1676 1026 1765 vdie,

75 1763 274 1844 suspicionem
288 1760 391 1820 venire
404 1761 510 1840 possit,
531 1780 589 1820 non
603 1771 723 1839 peccat:
744 1761 769 1820 si
783 1773 887 1823 antem
900 1758 1026 1827 mue

75 1844 205 1926 aliquam
226 1841 478 1911 communitatem,
499 1850 571 1898 tnnc
584 1841 778 1901 conformiter
791 1843 829 1901 ad
847 1834 1026 1919 protrusit-t

74 1934 137 1984 tem
151 1920 283 1981 criminis
296 1918 420 1979 revelati
434 1931 554 1997 peccat:
567 1916 610 1979 ¹sic
623 1940 652 1981 v.
662 1941 692 1998 g.
706 1921 849 1981 dicendo:
865 1922 897 1979 in
908 1917 1026 1983 tulitin

76 2000 146 2061 dine
158 2000 240 2059 nulla
260 2010 306 2059 est
321 1998 485 2078 disciplina,
506 1998 603 2059 intuli
618 2000 758 2077 parochia
772 2012 841 2061 suut
856 2001 934 2063 varii
946 1996 1017 2061 adul

75 2082 145 2151 teri,
169 2080 200 2137 in
221 2077 274 2138 tali
295 2076 482 2137 Monasterio
497 2088 543 2138 est
557 2078 663 2160 aliquis
683 2080 879 2151 facinorosus,
904 2086 955 2141 &a
968 2077 1018 2157 plo·

76 2180 203 2239 rumque
214 2160 347 2238 graviter
357 2168 509 2236 peccatum
523 2179 580 2218 non
593 2170 640 2218 est
650 2171 750 2219 tamon
762 2160 911 2221 detractio
920 2157 1018 2239 gravis,

74 2240 101 2300 si
122 2240 246 2309 dicatur,
267 2238 298 2296 in
312 2238 412 2316 aliqua
424 2238 499 2298 urhe
513 2258 578 2298 esse
592 2239 722 2299 nefarios
736 2240 882 2310 homines,
898 2239 1020 2320 quiahoc

78 2319 189 2379 nullius
205 2316 400 2397 particularis,
427 2337 483 2377 nec
497 2319 587 2378 etiam
601 2320 822 2379 communitatis
835 2320 946 2381 famam
963 2336 1020 2398 gn·

79 2399 158 2459 viter
171 2398 281 2459 ledere
295 2409 442 2457 censetur.

120 2479 171 2537 An
193 2477 334 2548 detrahit,
355 2477 406 2555 qui
427 2475 575 2536 narrando
595 2479 707 2537 crimen
728 2478 877 2539 occultum
898 2476 1020 2557 alicujus,

81 2557 169 2619 simul
183 2567 285 2616 narrat
299 2555 363 2634 ejus
374 2556 602 2635 poenitentiam?

121 2637 213 2699 Vlll.
229 2639 269 2696 R.
290 2637 484 2715 Regulariter
496 2635 646 2714 loquendo
661 2636 853 2699 affirmative:
874 2639 902 2697 a
914 2635 1022 2716 quidem

79 2717 223 2796 graviter,
248 2716 273 2774 si
301 2717 412 2775 crimen
437 2716 476 2774 sit
496 2717 630 2793 graviter
653 2716 848 2795 probrosum
875 2719 954 2777 ratio
977 2726 1023 2785 est,

81 2796 163 2876 quod
186 2795 294 2854 notitia
316 2795 500 2874 poenitentiae
521 2796 671 2855 ordinarie
694 2816 754 2856 nou
777 2796 934 2876 abstergat
960 2795 1024 2857 iufa-

80 2876 171 2935 miam
182 2880 208 2934 dr
219 2874 369 2934 sinistram
379 2875 559 2953 opinionem,
574 2895 661 2955 quarn
673 2877 784 2935 crimen
795 2877 915 2936 attulit:
935 2881 1025 2955 potest

81 2963 181 3014 tamen
204 2954 284 3013 aliud
306 2953 371 3014 fieri
388 2954 506 3048 quando
520 2955 697 3033 poenitentia
710 2955 778 3015 talis
792 2977 826 3015 ac
840 2967 926 3017 tanta
945 2964 1024 3022 essct.

81 3043 116 3095 ut
129 3034 219 3111 longe
233 3044 388 3112 superaret
401 3034 562 3105 infamiam,
577 3036 603 3092 du
617 3055 681 3094 eam
696 3036 816 3096 omnino
831 3036 957 3109 deleret,
967 3053 1027 3113 ug.

82 3113 114 3171 in
128 3133 197 3172 casu
213 3114 297 3172 Petri
313 3113 465 3173 Christum
479 3113 625 3191 negantis.

123 3192 175 3251 An
197 3202 243 3252 est
261 3192 407 3253 detractio
425 3193 559 3254 revelare
579 3195 689 3253 crimen
707 3195 854 3254 occultum
874 3195 964 3267 illins,
984 3191 1026 3273 qni

79 3273 144 3352 jam
158 3271 277 3331 infamis
291 3272 359 3331 est?

123 3353 162 3412 R.
183 3349 381 3420 Affirmativd,
409 3350 434 3409 si
457 3371 536 3411 nova
556 3352 700 3412 revelatio
721 3353 871 3415 infamiam
903 3355 1026 3434 priorem

84 3443 202 3511 augeat,
224 3430 273 3488 vol
294 3449 403 3511 novam
422 3430 544 3493 afferat:
566 3431 641 3492 illud
653 3442 752 3495 autem
772 3435 922 3514 contingit
942 3431 1026 3514 dupli·

86 3511 170 3569 citer.

126 3591 172 3647 10.
194 3587 323 3662 Quando
337 3588 488 3649 revelatur
501 3590 655 3652 reiteratio
677 3611 731 3653 seu
749 3593 961 3673 multiplicatio
980 3594 1026 3655 cri·

84 3666 173 3730 minis
182 3667 364 3749 infamantia,
380 3668 462 3754 quod
471 3689 500 3736 u.
511 3690 541 3752 g.
550 3671 657 3735 mulier
668 3674 799 3735 secundo
809 3674 1026 3739 sitadulterata
