2160 4034
83 167 143 228 tte
457 178 644 237 uumerus

124 286 182 350 vl.
203 286 242 347 R.
262 285 358 345 Error
371 283 450 344 circa
462 285 656 347 substantiam
669 287 725 358 rei,
747 295 888 347 natum
901 292 1024 347 multoc

61 382 64 389 ·
82 367 143 438 tiss,
167 366 312 424 motivum
327 364 528 437 substantiale,
555 375 607 425 aut
620 367 699 425 circu
711 367 847 427 accidens
862 366 1025 426 redundtm

84 446 115 504 in
129 444 331 514 substantiam,
352 443 452 502 reddit
464 455 646 504 contractum
661 447 727 524 ipsc
739 447 819 505 facto
834 446 956 504 irritum
965 444 1026 523 jure

86 534 212 593 ustura,
225 524 315 602 idque
326 523 390 582 sive
404 542 488 581 error
501 525 541 582 sit
551 544 589 582 ex
603 524 673 583 dolo
688 525 751 584 sive
760 545 829 596 uon,
851 526 918 584 sive
931 525 1027 583 sitsu-

82 603 223 663 tecedens
236 603 299 661 sive
308 603 508 661 concomitans
521 613 724 663 contractum:
739 605 816 664 ratic
825 614 875 663 est
909 604 968 662 ubd
978 603 1026 663 sub

83 682 252 762 hujusmodi
266 701 367 741 errore
381 681 478 740 nullus
499 683 538 740 sit
552 702 721 763 consensus,
748 704 804 743 nec
816 625 953 754 actublis,
978 702 1026 744 nec

81 761 215 822 virtualis
229 762 259 818 in
274 761 467 820 substantiam
481 765 636 838 presentis
650 763 828 821 contractus.

123 841 198 902 Vll.
217 840 313 899 Error
326 840 376 919 qui
390 850 436 898 est
449 839 634 900 solummodo
647 843 725 901 cirea
737 843 905 901 accidentia
911 860 972 900 nou
985 861 1025 901 re·

84 918 246 979 dundantia
254 919 284 977 iu
293 920 560 988 substautismmun
571 920 671 980 reddit
679 932 863 980 contractum
876 922 944 999 ipsc
953 921 1021 983 fusto

83 1000 210 1068 irritum,
238 1019 334 1077 neque
349 1018 387 1056 ex
403 997 473 1076 jure
486 1009 608 1071 naturae,
634 1020 733 1078 neque
747 1020 785 1060 ex
804 1000 877 1081 jure
890 1000 1019 1081 positivo,

81 1079 172 1161 idque
185 1079 210 1137 si
225 1077 394 1157 hujusmodi
407 1097 492 1138 error
515 1079 555 1138 sit
576 1098 615 1138 ex
638 1080 717 1150 dolo,
743 1080 807 1140 sive
820 1099 891 1148 non,
913 1080 976 1138 sive
987 1081 1016 1143 sit

84 1158 270 1229 antecedens,
281 1157 344 1215 sive
354 1158 554 1217 concomitans
564 1183 573 1228 ς
586 1159 663 1218 ratic
674 1170 729 1230 cst,
740 1159 819 1240 quod
828 1158 936 1218 similis
945 1178 1016 1219 error

81 1257 141 1297 uon
155 1236 241 1296 tollat
254 1236 368 1295 actuale
382 1236 581 1296 voluntarium
603 1238 763 1297 consensus
776 1239 806 1297 iu
821 1237 1013 1299 substantialia
1038 1254 1040 1306 ι

82 1319 270 1377 contractus:
292 1326 375 1394 patet
388 1315 418 1374 in
432 1317 632 1388 matrimonio,
653 1317 702 1378 ubi
716 1319 783 1399 quis
796 1317 948 1378 contrabit
958 1336 1013 1378 cum

80 1415 211 1476 paupere
223 1415 312 1533 paam
326 1405 412 1474 putat
425 1414 490 1454 esse
500 1397 634 1456 divitem.
866 1432 883 1449 .-

123 1476 217 1536 Aliud
237 1485 312 1544 uret,
326 1476 351 1533 si
360 1485 528 1535 contractus
535 1487 615 1535 esset
625 1477 716 1534 initus
729 1476 784 1535 sub
798 1474 1013 1548 istoeccidente,

80 1564 219 1634 tauquam
232 1554 400 1614 conditione
414 1556 605 1633 suspensivb3
618 1555 688 1636 quia
700 1566 770 1614 tunc
780 1555 867 1614 simul
882 1574 948 1614 cum
957 1557 1013 1616 sub·

82 1635 190 1694 stantia
204 1635 247 1692 rei
261 1633 429 1711 ingreditur
442 1636 585 1694 motivum
600 1635 793 1694 substantiale
807 1635 982 1694 conuacttis.

120 1713 246 1791 Collige,
267 1715 292 1772 si
306 1712 448 1792 deceptus
462 1733 564 1774 errore
575 1715 656 1773 mere
670 1714 842 1774 accidentali
858 1713 932 1773 velit
944 1727 1011 1774 stem
1034 1712 1040 1763 l

81 1795 254 1864 contractui,
276 1792 471 1870 decipientem
484 1794 582 1853 teneri
594 1793 677 1853 illum
698 1792 861 1872 adimplere
880 1803 950 1853 aute
962 1812 1012 1853 our·

79 1893 148 1933 uem
161 1873 338 1932 senteutiam
354 1872 474 1949 judicis.

120 1952 171 2010 An
185 1962 353 2010 contractus
366 1971 405 2010 ex
418 1971 521 2011 errore
534 1951 612 2011 circu
632 1952 767 2013 accidens
780 1961 897 2012 tautum
911 1962 956 2013 est
973 1970 1012 2012 ru·

79 2029 241 2089 scindibilis
254 2050 293 2088 ex
307 2039 393 2108 parte
412 2030 552 2109 decepti?

118 2110 301 2179 Notandum,
323 2110 370 2167 bic
390 2111 439 2187 agi
461 2120 578 2168 tuntum
601 2111 637 2169 dc
652 2131 754 2170 errore
775 2111 853 2170 circa
875 2110 1010 2180 accidens,

79 2188 161 2330 ἔξω
174 2188 354 2249 considerari
369 2189 446 2248 solet
459 2190 489 2248 iu
503 2190 673 2268 hujusmodi
692 2201 856 2262 contractu,
881 2202 913 2249 et
927 2192 1013 2249 eonsi-

117 2278 213 2327 rutum
228 2288 285 2326 ncn
307 2269 373 2328 fuit.

117 2348 210 2409 Vlll.
230 2348 269 2407 R.
291 2350 336 2405 1⁰-
360 2349 392 2409 Si
405 2348 574 2425 hujusmodi
589 2369 673 2409 error
693 2350 733 2408 sit
746 2350 925 2409 antecedens
939 2359 969 2409 ct
981 2367 1014 2408 cx

79 2427 150 2487 dolo
173 2427 296 2487 alterius
309 2428 555 2499 contrabentium,
580 2439 747 2489 contractus
762 2431 906 2508 (excepto
921 2429 1016 2487 matri-

78 2508 188 2578 mcuiu,
215 2507 294 2586 quud
308 2517 354 2566 cst
376 2508 595 2588 indissolubile)
617 2518 663 2568 est
686 2508 881 2567 rescindibilis
894 2508 933 2566 ad
947 2508 1017 2567 arbi·

77 2588 169 2646 trium
183 2587 270 2656 illius,
297 2587 348 2667 qui
362 2586 461 2646 dolum
483 2608 585 2665 passus
599 2600 665 2656 est;
686 2607 753 2645 nam
777 2588 859 2647 fraus
882 2597 915 2646 et
939 2586 1018 2648 dolus

78 2667 212 2747 cuiquam
226 2667 405 2745 patrocinari
418 2687 476 2749 nou
492 2667 610 2728 debent.

117 2747 267 2806 Praeterea
280 2747 323 2805 sic
336 2746 477 2823 decep'tus
490 2746 579 2806 habet
593 2747 739 2806 actionem
759 2747 902 2805 adversus
917 2747 1017 2826 decep·

79 2836 176 2885 turem
196 2836 215 2865 “
226 2827 255 2884 in
271 2826 310 2898 id,
322 2826 400 2908 quud
413 2827 539 2885 interest
550 2826 674 2905 deceptu
688 2846 746 2883 non
762 2826 856 2904 decipi
867 2827 892 2885 :'’
904 2826 1018 2896 hccest,

77 2904 168 2965 babet
180 2904 232 2984 jus
245 2905 399 2984 repetendi
414 2926 471 2964 nun
497 2917 611 2965 tentum
626 2925 688 2964 rem
703 2915 754 2963 aut
767 2907 896 2983 pretium
911 2907 1018 2976 datum,

79 2985 233 3045 sedetiam
247 2996 350 3063 petere
365 2996 463 3062 potest
477 2986 744 3061 compensationem
757 2985 885 3042 omnium
902 2985 1018 3044 damno·

78 3085 153 3133 rum,
169 3084 233 3143 qum
247 3085 286 3123 ex
299 3064 388 3123 simili
409 3074 562 3123 contractu
586 3074 687 3124 secuta
700 3075 791 3123 eunte
811 3084 839 3121 v.
854 3084 883 3142 g.
905 3066 931 3123 si
951 3064 1030 3123 dulo-

78 3143 233 3204 vendeutis
247 3145 354 3203 emeris
368 3163 453 3204 ovem
477 3144 653 3213 morbidam,
680 3163 745 3224 qum
759 3154 825 3203 tuas
840 3145 955 3214 infecit,
970 3145 1017 3222 jus

77 3223 169 3283 babes
182 3222 321 3300 exigendi
336 3223 474 3283 damnum
488 3224 557 3285 inde
571 3234 730 3294 causatum,
745 3231 777 3282 et
795 3223 926 3282 vendens
940 3234 1019 3283 tene·

79 3313 126 3363 tur
137 3302 209 3361 illud
222 3303 390 3361 restituere.

119 3383 177 3443 lx
198 3385 246 3441 20.
262 3382 293 3441 Si
307 3381 474 3459 hujusmodi
489 3403 574 3444 error
587 3383 626 3442 sit
634 3382 753 3463 quidem
768 3383 955 3453 antecedens,
969 3382 1018 3442 sed

78 3483 136 3523 nou
149 3483 187 3522 ex
198 3462 266 3522 dolo
277 3460 399 3520 alterius
410 3463 655 3532 contrabentium,
667 3464 846 3522 conveniunt
858 3463 1018 3532 Autbcres,

78 3542 233 3621 deceptum
262 3541 372 3601 babere
398 3543 545 3602 actionem
566 3553 584 3581 ‘⁶
596 3544 698 3621 quanti
713 3543 836 3601 minoris
846 3542 872 3602 :”
891 3542 949 3601 buc
963 3552 1017 3611 est,

79 3621 258 3701 baberejus,
282 3631 316 3680 ut
336 3623 420 3681 tanto
441 3623 539 3683 miuus
552 3622 656 3694 sulvat,
684 3624 787 3701 quanti
810 3623 934 3682 minoris
957 3640 1021 3686 reru

76 3699 197 3762 emisset
210 3701 283 3761 vitiu
302 3701 431 3782 cognito.
