2160 4034
101 167 161 229 ³26
432 206 436 211 -
484 178 678 223 moranus·
711 178 741 197 ·'
1046 27 1066 377 ἱ

1069 294 1076 332 Ι

51 324 54 331 -
96 285 195 369 quiris
203 284 256 362 jus
268 281 407 342 habetne
416 282 544 344 dolorel
556 284 663 347 inodo
675 282 834 344 induentur
843 285 882 344 ad
891 285 1038 348 emendum

95 366 195 446 pretio
208 364 355 442 rigoroso,
377 363 495 441 quando
504 373 617 500 posset
635 384 734 424 emere
747 365 895 424 inferiori.
939 365 1041 425 Haoin·
1062 373 1076 417 l

97 456 183 523 parte
197 463 255 502 non
269 442 357 501 facile
375 461 502 502 exeusao
526 445 544 513 i,
566 443 615 524 qui
637 443 797 503 mendaciis
807 450 843 503 'et
855 444 939 502 sorte
952 445 1038 523 perju-
1071 454 1076 487 ²

96 525 158 593 riis,
183 531 364 602 extorquent
388 540 533 581 summum
561 522 699 599 pretium,
726 522 784 581 nisi
805 523 964 581 meodeoia
987 525 1037 584 sint
1072 531 1076 567 ²

96 604 177 672 talia,
192 614 225 661 ut
237 600 275 660 ob
289 621 325 660 ea
338 620 451 665 meroes
465 621 523 659 non
539 601 632 680 pluris
645 601 839 671 estimentur,
862 602 961 680 qualis
975 604 1039 662 solet

95 701 161 742 esee
184 681 313 742 mendax
336 679 457 758 querela
476 681 641 739 venditoris
662 681 700 740 de
723 683 873 758 parvitate
894 681 981 749 lueri,
1000 682 1040 741 rel

97 762 250 822 mendacia
264 761 324 818 sint
335 761 532 818 communiter
551 771 623 818 nota
640 759 723 819 velut
743 762 844 821 omoia
856 759 1041 819 venditorum

98 850 336 980 ¹¹trtl‘t’igilliloaeirant
349 917 454 976 eodem
469 917 567 988 modo,
589 918 650 996 qui,
671 918 741 976 dum
754 938 818 977 rem
833 918 936 996 pretio
950 917 1044 978 intimo

97 998 306 1068 vendiderunt,
327 998 423 1055 soient
437 996 551 1056 occulte
564 997 621 1056 sibi
638 1017 811 1075 comparare
824 999 959 1076 pretium
973 1016 1044 1056 sum·

96 1098 186 1149 mum,
207 1079 256 1137 rel
269 1088 433 1155 emptorem
447 1076 622 1154 deciplendo
635 1077 666 1134 in
680 1080 890 1137 numeratione
904 1077 1042 1156 pecunia,

95 1158 142 1218 rol
157 1159 188 1216 in
201 1157 333 1236 pondere
346 1166 399 1215 aut
412 1175 558 1214 mensura.

137 1238 279 1312 Quinimo
293 1235 439 1305 venditor,
462 1236 513 1313 qui
533 1235 591 1295 tali-
607 1235 808 1295 fraudolentia
823 1236 926 1317 (quasi
942 1256 1042 1314 nempe

94 1317 194 1377 viliori
214 1315 311 1395 pretio
327 1314 469 1373 venderet
484 1316 572 1392 quim
590 1315 657 1394 alii)
677 1326 816 1375 avoearat
836 1326 991 1394 emptores
1009 1317 1044 1374 ab
1072 1342 1076 1407 p

96 1395 218 1456 offieinis
232 1395 366 1464 aliorum,
386 1413 455 1452 reos
469 1394 589 1453 ridetur
603 1394 755 1471 injustitie
773 1414 847 1473 erga
860 1395 994 1465 eosdem,
1013 1406 1041 1454 et

94 1475 192 1536 teneri
205 1474 243 1534 de
256 1475 373 1542 damno,
388 1472 468 1551 qnod
487 1473 557 1532 inde
577 1473 625 1532 isti
641 1473 812 1551 patiuntur3
834 1473 907 1552 quia
920 1476 1042 1554 quisque

90 1554 142 1635 jus
155 1553 253 1622 habet,
267 1574 306 1611 ne
316 1552 385 1611 dolo
396 1552 444 1611 vel
457 1552 562 1612 fraude
576 1552 754 1630 Impediatur
767 1572 785 1611 a
797 1553 882 1611 luero
896 1565 1024 1630 sperato.

135 1644 155 1675 ‘⁴
170 1633 240 1694 Mos
254 1632 442 1692 venditorum
462 1631 529 1710 plus
547 1632 633 1690 initio
646 1633 840 1710 exigentium,
867 1635 958 1711 quern
979 1652 1039 1710 pre·

94 1723 113 1754 “
126 1714 200 1773 tium
210 1713 334 1791 justum,
356 1712 445 1772 etiam
460 1731 615 1782 summum,
634 1731 731 1791 neque
744 1713 912 1790 generatim
927 1711 1038 1790 culpan·

93 1803 113 1846 ‘t
127 1794 192 1863 dus,
205 1811 302 1872 neque
313 1790 481 1869 probandus
490 1796 545 1860 est,
559 1790 657 1871 inquit
668 1792 807 1868 steyaert
816 1791 841 1850 :”
857 1791 1035 1851 consuetudo
1063 1796 1076 1843 't

94 1875 124 1932 in
139 1872 238 1952 aliquo
251 1872 318 1930 loro
333 1880 351 1909 “
363 1872 450 1930 nota”
464 1890 606 1929 excusare
616 1880 731 1948 potest;
752 1871 804 1929 sed
819 1871 965 1929 neoillam
975 1871 1036 1930 lieet
1063 1854 1076 1921 ll

93 1951 255 2012 exoederer
275 1959 307 2009 et
321 1950 346 2008 si
360 1959 478 2028 emptor
491 1951 612 2027 ignarus
626 1968 715 2027 supra
724 1949 838 2028 justum
853 1950 974 2021 offerat,
993 1970 1034 2010 ne·
1064 1954 1076 2031 {l

96 2031 216 2111 quidem
230 2029 303 2088 illud
317 2029 557 2108 acceptandum.”
1069 2043 1076 2116 p

96 2188 137 2250 N.
158 2191 206 2248 28.
247 2189 306 2248 DE
335 2188 511 2249 TITULIS
539 2188 800 2248 EXCEDENDI
828 2188 1033 2269 PRETIUM.

93 2310 120 2370 1.
144 2309 235 2370 libuli
256 2311 402 2370 excedendi
419 2310 552 2387 pretium.
595 2308 638 2368 ΙΙ.
664 2308 768 2387 Aliqui
788 2310 939 2388 generales.
980 2311 1032 2370 lll.

132 2390 197 2450 Alii
215 2389 354 2468 speciales.
396 2388 451 2448 IV.
478 2388 517 2448 Ut
539 2387 648 2448 lucrum
667 2409 785 2448 cessam.
828 2389 865 2449 V·
889 2388 1032 2450 Damnum

131 2489 278 2545 emergens.
313 2469 370 2530 Vl.
382 2467 557 2527 Periculum.
588 2467 662 2528 VII.
675 2467 779 2528 Auctio
785 2467 910 2544 publico.
950 2468 1032 2529 VIII.

132 2548 201 2608 Non
222 2548 330 2608 utilitas
349 2550 489 2624 emptoris.
531 2546 589 2605 IX.
610 2547 708 2625 Neque
730 2544 807 2625 quod
825 2567 869 2605 res
886 2550 925 2604 sit
943 2549 1033 2624 sponte

131 2629 234 2687 oblata.
276 2627 317 2687 X.
343 2627 424 2700 Quid
433 2629 467 2686 de
479 2626 560 2686 rebus
567 2629 692 2704 pretium
705 2647 762 2686 non
774 2625 946 2684 lubmtibur.

132 2749 157 2809 Ι.
178 2749 241 2807 AN
260 2747 367 2805 dantur
381 2745 418 2804 ali
441 2745 471 2803 ui
489 2746 579 2815 tituli,
601 2745 638 2804 ol)
661 2765 735 2824 quoa
755 2746 826 2803 licet
839 2764 940 2803 emere
961 2746 1033 2804 inira

91 2828 220 2909 pretium
235 2827 376 2895 infimum,
392 2767 438 2882 vel
453 2825 581 2884 vendere
596 2845 685 2902 supra
698 2826 867 2883 summum?

133 2909 158 2969 l.
185 2907 225 2966 R.
254 2905 459 2972 Affirmative3
489 2903 579 2984 aliqui
601 2917 698 2963 autem
720 2916 789 2963 sunt
808 2902 965 2981 generales
985 2923 1034 2962 seu

91 3005 270 3054 eommunes,
284 2985 335 3043 alii
349 2982 500 3061 speciales,
514 2983 671 3063 dequibus
686 2985 733 3041 hio
745 2985 855 3061 agitur·

131 3067 174 3128 11.
204 3063 414 3124 “Generales”
445 3073 523 3132 sunt,
554 3064 623 3122 dum
652 3082 705 3140 per
724 3063 864 3143 quasdam
894 3081 1036 3139 superre-

90 3148 208 3208 nIentes
228 3142 462 3203 circumstantias
482 3153 614 3201 mutatur
631 3142 759 3219 pretium
772 3143 896 3219 vulgare
912 3161 1036 3199 currem

89 3231 120 3286 iu
134 3225 264 3306 pretium
275 3222 397 3300 vulgare
405 3223 500 3300 majus
514 3231 565 3280 arnt
579 3223 692 3279 minue:
713 3242 740 3277 v.
751 3242 780 3299 g.
792 3242 830 3279 ex
844 3221 1036 3280 multitudiue

89 3306 138 3366 rel
152 3305 300 3385 paucitate
314 3312 491 3378 emptorum,
514 3301 599 3379 eopia
613 3301 660 3360 vel
673 3302 773 3378 inopia
787 3303 927 3378 pecnnia,
943 3302 1034 3359 abnn-

89 3386 191 3446 dantia
205 3382 252 3442 vel
264 3381 387 3440 raritate
401 3383 552 3450 mercium,
568 3383 619 3438 &e

129 3465 180 3524 Ex
203 3462 370 3541 hujusmodi
395 3461 489 3519 titulis
513 3460 700 3538 generalibus
724 3479 772 3518 res
796 3459 914 3537 quidem
941 3458 1035 3536 pluris

88 3544 177 3604 rendi
191 3556 243 3602 aut
257 3541 378 3600 minoris
391 3541 450 3598 emi
466 3549 579 3617 potest,
603 3541 689 3620 quarn
708 3552 796 3597 antea
809 3539 938 3618 alioquin
954 3539 1033 3598 vale·

88 3623 157 3683 bat:
178 3625 220 3682 aio
232 3642 260 3679 r.
271 3640 301 3701 g.
314 3620 391 3699 erepe
411 3631 479 3698 post
501 3619 578 3679 bella
590 3625 616 3679 tr
629 3618 820 3688 vastationes,
840 3619 912 3675 item
927 3617 958 3676 in
972 3618 1032 3676 fine

87 3702 284 3764 nundinarum
299 3720 346 3759 rer
359 3698 492 3782 quiedam
506 3708 645 3758 emuntur
658 3699 757 3758 rtliori
770 3696 877 3776 pretio,
891 3699 918 3755 a
933 3698 964 3754 ln
978 3716 1031 3755 nu·

82 3787 205 3846 merore
225 3768 361 3843 militum*
375 3779 504 3841 mentitu
519 3779 689 3839 venduntur
707 3779 812 3850 aeriis,
836 3779 926 3856 qnam
944 3776 1033 3856 paolo
1073 3794 1076 3827 ι
