<?xml version="1.0" encoding="UTF-8"?>
<!DOCTYPE html PUBLIC "-//W3C//DTD XHTML 1.0 Transitional//EN"
    "http://www.w3.org/TR/xhtml1/DTD/xhtml1-transitional.dtd">
<html xmlns="http://www.w3.org/1999/xhtml" xml:lang="en" lang="en">
 <head>
  <title>
</title>
<meta http-equiv="Content-Type" content="text/html;charset=utf-8" />
  <meta name='ocr-system' content='tesseract 3.04.00' />
  <meta name='ocr-capabilities' content='ocr_page ocr_carea ocr_par ocr_line ocrx_word'/>
</head>
<body>
  <div class='ocr_page' id='page_1' title='image "./theologiamorali01densgoog_0286.png"; bbox 0 0 2160 4034; ppageno 0'>
   <div class='ocr_carea' id='block_1_1' title="bbox 360 152 991 213">
    <p class='ocr_par' dir='ltr' id='par_1_1' title="bbox 360 152 991 213">
     <span class='ocr_line' id='line_1_1' title="bbox 360 152 991 213; baseline -0.002 -3"><span class='ocrx_word' id='word_1_1' title='bbox 360 168 404 210; x_wconf 86' lang='lat' dir='ltr'><strong>nn</strong></span> <span class='ocrx_word' id='word_1_2' title='bbox 423 167 672 213; x_wconf 78' lang='lat' dir='ltr'><strong>conrnacmnne.</strong></span> <span class='ocrx_word' id='word_1_3' title='bbox 932 152 991 210; x_wconf 73' lang='lat'><strong>2⁷5</strong></span> 
     </span>
    </p>
   </div>
   <div class='ocr_carea' id='block_1_2' title="bbox 49 269 1065 3762">
    <p class='ocr_par' dir='ltr' id='par_1_2' title="bbox 49 269 993 592">
     <span class='ocr_line' id='line_1_2' title="bbox 84 269 993 354; baseline 0.003 -26"><span class='ocrx_word' id='word_1_4' title='bbox 84 269 140 331; x_wconf 91' lang='lat' dir='ltr'><strong>lV.</strong></span> <span class='ocrx_word' id='word_1_5' title='bbox 162 272 202 332; x_wconf 84' lang='lat' dir='ltr'><strong>R.</strong></span> <span class='ocrx_word' id='word_1_6' title='bbox 224 273 344 332; x_wconf 77' lang='lat' dir='ltr'><strong>Certum</strong></span> <span class='ocrx_word' id='word_1_7' title='bbox 368 283 424 343; x_wconf 88' lang='lat' dir='ltr'><strong>est,</strong></span> <span class='ocrx_word' id='word_1_8' title='bbox 445 272 548 333; x_wconf 90' lang='lat' dir='ltr'><strong>saltem</strong></span> <span class='ocrx_word' id='word_1_9' title='bbox 572 272 882 354; x_wconf 82' lang='lat' dir='ltr'><strong>requiriconsensnm</strong></span> <span class='ocrx_word' id='word_1_10' title='bbox 902 272 993 332; x_wconf 86' lang='lat' dir='ltr'><strong>inter·</strong></span> 
     </span>
     <span class='ocr_line' id='line_1_3' title="bbox 49 350 993 432; baseline 0.006 -28"><span class='ocrx_word' id='word_1_11' title='bbox 49 362 111 406; x_wconf 83' lang='lat' dir='ltr'><strong>uurn</strong></span> <span class='ocrx_word' id='word_1_12' title='bbox 135 350 167 409; x_wconf 92' lang='lat' dir='ltr'><strong>in</strong></span> <span class='ocrx_word' id='word_1_13' title='bbox 188 353 295 411; x_wconf 89' lang='lat' dir='ltr'><strong>seriam</strong></span> <span class='ocrx_word' id='word_1_14' title='bbox 309 352 485 431; x_wconf 82' lang='lat' dir='ltr'><strong>positionem</strong></span> <span class='ocrx_word' id='word_1_15' title='bbox 510 363 701 411; x_wconf 81' lang='lat' dir='ltr'><strong>externorum</strong></span> <span class='ocrx_word' id='word_1_16' title='bbox 724 351 911 421; x_wconf 57' lang='lat' dir='ltr'><strong>contractum</strong></span> <span class='ocrx_word' id='word_1_17' title='bbox 940 352 993 432; x_wconf 88' lang='lat' dir='ltr'><strong>qui</strong></span> 
     </span>
     <span class='ocr_line' id='line_1_4' title="bbox 49 431 993 492; baseline 0.007 -9"><span class='ocrx_word' id='word_1_18' title='bbox 49 443 203 489; x_wconf 71' lang='lat' dir='ltr'><strong>consensus</strong></span> <span class='ocrx_word' id='word_1_19' title='bbox 226 442 272 490; x_wconf 88' lang='lat' dir='ltr'><strong>est</strong></span> <span class='ocrx_word' id='word_1_20' title='bbox 285 451 373 491; x_wconf 88' lang='lat' dir='ltr'><strong>causa</strong></span> <span class='ocrx_word' id='word_1_21' title='bbox 391 431 524 490; x_wconf 83' lang='lat' dir='ltr'><strong>formalis</strong></span> <span class='ocrx_word' id='word_1_22' title='bbox 544 433 571 490; x_wconf 75' lang='lat' dir='ltr'><strong>bs</strong></span> <span class='ocrx_word' id='word_1_23' title='bbox 592 431 784 490; x_wconf 84' lang='lat' dir='ltr'><strong>constitutiva</strong></span> <span class='ocrx_word' id='word_1_24' title='bbox 805 432 993 492; x_wconf 68' lang='lat' dir='ltr'><strong>contractus:</strong></span> 
     </span>
     <span class='ocr_line' id='line_1_5' title="bbox 50 500 962 592; baseline 0.009 -30"><span class='ocrx_word' id='word_1_25' title='bbox 50 500 154 567; x_wconf 82' lang='lat' dir='ltr'><strong>deinde</strong></span> <span class='ocrx_word' id='word_1_26' title='bbox 168 509 258 569; x_wconf 91' lang='lat' dir='ltr'><strong>debet</strong></span> <span class='ocrx_word' id='word_1_27' title='bbox 271 530 336 572; x_wconf 86' lang='lat' dir='ltr'><strong>esse</strong></span> <span class='ocrx_word' id='word_1_28' title='bbox 349 520 431 570; x_wconf 88' lang='lat' dir='ltr'><strong>actus</strong></span> <span class='ocrx_word' id='word_1_29' title='bbox 446 512 599 581; x_wconf 85' lang='lat' dir='ltr'><strong>humanus,</strong></span> <span class='ocrx_word' id='word_1_30' title='bbox 619 510 755 592; x_wconf 89' lang='lat' dir='ltr'><strong>adeoque</strong></span> <span class='ocrx_word' id='word_1_31' title='bbox 768 510 962 570; x_wconf 79' lang='lat' dir='ltr'><strong>voluntarios.</strong></span> 
     </span>
    </p>

    <p class='ocr_par' dir='ltr' id='par_1_3' title="bbox 50 585 992 1064">
     <span class='ocr_line' id='line_1_6' title="bbox 83 585 991 668; baseline 0 -20"><span class='ocrx_word' id='word_1_32' title='bbox 83 585 123 648; x_wconf 84' lang='lat' dir='ltr'><strong>V·</strong></span> <span class='ocrx_word' id='word_1_33' title='bbox 154 589 277 649; x_wconf 78' lang='lat' dir='ltr'><strong>Certum</strong></span> <span class='ocrx_word' id='word_1_34' title='bbox 300 601 355 660; x_wconf 89' lang='lat' dir='ltr'><strong>est,</strong></span> <span class='ocrx_word' id='word_1_35' title='bbox 376 610 434 649; x_wconf 93' lang='lat' dir='ltr'><strong>non</strong></span> <span class='ocrx_word' id='word_1_36' title='bbox 456 591 568 668; x_wconf 80' lang='lat' dir='ltr'>requiri</span> <span class='ocrx_word' id='word_1_37' title='bbox 590 609 763 648; x_wconf 84' lang='lat' dir='ltr'><strong>consensum</strong></span> <span class='ocrx_word' id='word_1_38' title='bbox 790 589 939 648; x_wconf 91' lang='lat' dir='ltr'><strong>internum</strong></span> <span class='ocrx_word' id='word_1_39' title='bbox 961 590 991 648; x_wconf 93' lang='lat' dir='ltr'><strong>in</strong></span> 
     </span>
     <span class='ocr_line' id='line_1_7' title="bbox 54 668 992 747; baseline 0.005 -24"><span class='ocrx_word' id='word_1_40' title='bbox 54 668 253 728; x_wconf 81' lang='lat' dir='ltr'><strong>executionem</strong></span> <span class='ocrx_word' id='word_1_41' title='bbox 268 668 458 747; x_wconf 77' lang='lat' dir='ltr'><strong>obligationis</strong></span> <span class='ocrx_word' id='word_1_42' title='bbox 472 669 649 738; x_wconf 67' lang='lat' dir='ltr'><strong>contractae,</strong></span> <span class='ocrx_word' id='word_1_43' title='bbox 670 669 713 727; x_wconf 85' lang='lat' dir='ltr'><strong>ita</strong></span> <span class='ocrx_word' id='word_1_44' title='bbox 724 678 768 738; x_wconf 91' lang='lat' dir='ltr'><strong>nt,</strong></span> <span class='ocrx_word' id='word_1_45' title='bbox 795 669 910 727; x_wconf 85' lang='lat' dir='ltr'><strong>etiamsi</strong></span> <span class='ocrx_word' id='word_1_46' title='bbox 924 688 992 728; x_wconf 89' lang='lat' dir='ltr'><strong>con·</strong></span> 
     </span>
     <span class='ocr_line' id='line_1_8' title="bbox 53 744 991 827; baseline 0.002 -22"><span class='ocrx_word' id='word_1_47' title='bbox 53 744 166 805; x_wconf 67' lang='lat' dir='ltr'><strong>itabens</strong></span> <span class='ocrx_word' id='word_1_48' title='bbox 191 768 339 827; x_wconf 89' lang='lat' dir='ltr'><strong>nunquam</strong></span> <span class='ocrx_word' id='word_1_49' title='bbox 362 746 531 808; x_wconf 76' lang='lat' dir='ltr'><strong>intenderet</strong></span> <span class='ocrx_word' id='word_1_50' title='bbox 552 748 661 826; x_wconf 83' lang='lat' dir='ltr'><strong>exequi</strong></span> <span class='ocrx_word' id='word_1_51' title='bbox 684 747 896 826; x_wconf 74' lang='lat' dir='ltr'><strong>obligationem</strong></span> <span class='ocrx_word' id='word_1_52' title='bbox 922 766 991 808; x_wconf 89' lang='lat' dir='ltr'><strong>oon·</strong></span> 
     </span>
     <span class='ocr_line' id='line_1_9' title="bbox 53 825 992 904; baseline 0.004 -21"><span class='ocrx_word' id='word_1_53' title='bbox 53 825 167 896; x_wconf 71' lang='lat' dir='ltr'><strong>tractus,</strong></span> <span class='ocrx_word' id='word_1_54' title='bbox 191 828 381 887; x_wconf 90' lang='lat' dir='ltr'><strong>nibilominus</strong></span> <span class='ocrx_word' id='word_1_55' title='bbox 395 838 563 886; x_wconf 88' lang='lat' dir='ltr'><strong>contractus</strong></span> <span class='ocrx_word' id='word_1_56' title='bbox 583 828 623 886; x_wconf 87' lang='lat' dir='ltr'><strong>sit</strong></span> <span class='ocrx_word' id='word_1_57' title='bbox 637 826 769 895; x_wconf 76' lang='lat' dir='ltr'><strong>validns3</strong></span> <span class='ocrx_word' id='word_1_58' title='bbox 790 828 859 904; x_wconf 90' lang='lat' dir='ltr'><strong>quia</strong></span> <span class='ocrx_word' id='word_1_59' title='bbox 882 829 992 887; x_wconf 86' lang='lat' dir='ltr'><strong>consis-</strong></span> 
     </span>
     <span class='ocr_line' id='line_1_10' title="bbox 54 905 991 985; baseline 0.004 -23"><span class='ocrx_word' id='word_1_60' title='bbox 54 911 110 963; x_wconf 87' lang='lat' dir='ltr'><strong>tunt</strong></span> <span class='ocrx_word' id='word_1_61' title='bbox 124 905 188 964; x_wconf 80' lang='lat' dir='ltr'><strong>brec</strong></span> <span class='ocrx_word' id='word_1_62' title='bbox 201 907 270 976; x_wconf 86' lang='lat' dir='ltr'><strong>duo,</strong></span> <span class='ocrx_word' id='word_1_63' title='bbox 292 907 371 985; x_wconf 91' lang='lat' dir='ltr'><strong>quod</strong></span> <span class='ocrx_word' id='word_1_64' title='bbox 385 908 452 985; x_wconf 86' lang='lat' dir='ltr'><strong>quie</strong></span> <span class='ocrx_word' id='word_1_65' title='bbox 474 926 506 966; x_wconf 87' lang='lat' dir='ltr'><strong>se</strong></span> <span class='ocrx_word' id='word_1_66' title='bbox 528 906 641 984; x_wconf 89' lang='lat' dir='ltr'><strong>obliget</strong></span> <span class='ocrx_word' id='word_1_67' title='bbox 664 916 715 965; x_wconf 84' lang='lat' dir='ltr'><strong>ant</strong></span> <span class='ocrx_word' id='word_1_68' title='bbox 729 907 768 968; x_wconf 87' lang='lat' dir='ltr'><strong>sit</strong></span> <span class='ocrx_word' id='word_1_69' title='bbox 782 907 939 985; x_wconf 88' lang='lat' dir='ltr'><strong>obligatus,</strong></span> <span class='ocrx_word' id='word_1_70' title='bbox 959 917 991 966; x_wconf 88' lang='lat' dir='ltr'><strong>et</strong></span> 
     </span>
     <span class='ocr_line' id='line_1_11' title="bbox 50 981 716 1064; baseline 0.002 -21"><span class='ocrx_word' id='word_1_71' title='bbox 50 981 119 1043; x_wconf 81' lang='lat' dir='ltr'><strong>nolit</strong></span> <span class='ocrx_word' id='word_1_72' title='bbox 133 984 298 1063; x_wconf 87' lang='lat' dir='ltr'><strong>adimplere</strong></span> <span class='ocrx_word' id='word_1_73' title='bbox 311 1006 365 1047; x_wconf 85' lang='lat' dir='ltr'><strong>seu</strong></span> <span class='ocrx_word' id='word_1_74' title='bbox 372 986 480 1064; x_wconf 87' lang='lat' dir='ltr'><strong>exequi</strong></span> <span class='ocrx_word' id='word_1_75' title='bbox 495 984 716 1064; x_wconf 77' lang='lat' dir='ltr'><strong>obligationem.</strong></span> 
     </span>
    </p>

    <p class='ocr_par' dir='ltr' id='par_1_4' title="bbox 49 1061 992 1372">
     <span class='ocr_line' id='line_1_12' title="bbox 81 1061 991 1143; baseline 0.003 -22"><span class='ocrx_word' id='word_1_76' title='bbox 81 1061 268 1141; x_wconf 79' lang='lat' dir='ltr'><strong>Disputatur</strong></span> <span class='ocrx_word' id='word_1_77' title='bbox 280 1075 389 1135; x_wconf 88' lang='lat' dir='ltr'><strong>autem,</strong></span> <span class='ocrx_word' id='word_1_78' title='bbox 405 1085 442 1124; x_wconf 89' lang='lat' dir='ltr'><strong>an</strong></span> <span class='ocrx_word' id='word_1_79' title='bbox 457 1065 626 1143; x_wconf 87' lang='lat' dir='ltr'><strong>requiratur</strong></span> <span class='ocrx_word' id='word_1_80' title='bbox 639 1084 799 1124; x_wconf 88' lang='lat' dir='ltr'><strong>consensus</strong></span> <span class='ocrx_word' id='word_1_81' title='bbox 813 1065 947 1126; x_wconf 83' lang='lat' dir='ltr'><strong>internus</strong></span> <span class='ocrx_word' id='word_1_82' title='bbox 960 1064 991 1124; x_wconf 90' lang='lat' dir='ltr'><strong>in</strong></span> 
     </span>
     <span class='ocr_line' id='line_1_13' title="bbox 49 1143 990 1222; baseline 0.005 -23"><span class='ocrx_word' id='word_1_83' title='bbox 49 1143 263 1220; x_wconf 81' lang='lat' dir='ltr'><strong>susceptionem</strong></span> <span class='ocrx_word' id='word_1_84' title='bbox 288 1144 486 1222; x_wconf 81' lang='lat' dir='ltr'><strong>obligationis,</strong></span> <span class='ocrx_word' id='word_1_85' title='bbox 514 1164 575 1214; x_wconf 89' lang='lat' dir='ltr'><strong>seu,</strong></span> <span class='ocrx_word' id='word_1_86' title='bbox 596 1145 698 1203; x_wconf 82' lang='lat' dir='ltr'><strong>utrbm</strong></span> <span class='ocrx_word' id='word_1_87' title='bbox 718 1145 743 1203; x_wconf 91' lang='lat' dir='ltr'><strong>si</strong></span> <span class='ocrx_word' id='word_1_88' title='bbox 765 1146 888 1204; x_wconf 75' lang='lat' dir='ltr'><strong>externe</strong></span> <span class='ocrx_word' id='word_1_89' title='bbox 911 1145 990 1204; x_wconf 81' lang='lat' dir='ltr'><strong>scrib</strong></span> 
     </span>
     <span class='ocr_line' id='line_1_14' title="bbox 49 1221 992 1294; baseline 0.004 -15"><span class='ocrx_word' id='word_1_90' title='bbox 49 1223 231 1292; x_wconf 75' lang='lat' dir='ltr'><strong>mntrabens,</strong></span> <span class='ocrx_word' id='word_1_91' title='bbox 252 1223 366 1283; x_wconf 74' lang='lat' dir='ltr'><strong>interne</strong></span> <span class='ocrx_word' id='word_1_92' title='bbox 379 1224 475 1284; x_wconf 85' lang='lat' dir='ltr'><strong>dicat:</strong></span> <span class='ocrx_word' id='word_1_93' title='bbox 495 1222 606 1283; x_wconf 87' lang='lat' dir='ltr'><strong>“Nolo</strong></span> <span class='ocrx_word' id='word_1_94' title='bbox 620 1223 803 1294; x_wconf 77' lang='lat' dir='ltr'><strong>contrahere,</strong></span> <span class='ocrx_word' id='word_1_95' title='bbox 825 1221 895 1284; x_wconf 92' lang='lat' dir='ltr'><strong>nolo</strong></span> <span class='ocrx_word' id='word_1_96' title='bbox 919 1223 992 1291; x_wconf 87' lang='lat' dir='ltr'><strong>obli·</strong></span> 
     </span>
     <span class='ocr_line' id='line_1_15' title="bbox 49 1301 630 1372; baseline 0.005 -12"><span class='ocrx_word' id='word_1_97' title='bbox 49 1307 59 1336; x_wconf 86' lang='lat'>‘</span> <span class='ocrx_word' id='word_1_98' title='bbox 135 1301 171 1372; x_wconf 89' lang='lat'><strong>&#39;,&#39;’</strong></span> <span class='ocrx_word' id='word_1_99' title='bbox 192 1313 360 1362; x_wconf 89' lang='lat' dir='ltr'><strong>contractus</strong></span> <span class='ocrx_word' id='word_1_100' title='bbox 373 1302 424 1361; x_wconf 89' lang='lat' dir='ltr'><strong>ille</strong></span> <span class='ocrx_word' id='word_1_101' title='bbox 438 1303 477 1361; x_wconf 89' lang='lat' dir='ltr'><strong>sit</strong></span> <span class='ocrx_word' id='word_1_102' title='bbox 491 1302 630 1363; x_wconf 83' lang='lat' dir='ltr'><strong>validus?</strong></span> 
     </span>
    </p>

    <p class='ocr_par' dir='ltr' id='par_1_5' title="bbox 49 1319 991 1521">
     <span class='ocr_line' id='line_1_16' title="bbox 72 1319 991 1460; baseline 0 -19"><span class='ocrx_word' id='word_1_103' title='bbox 72 1319 143 1441; x_wconf 53' lang='grc' dir='ltr'><em>Ἥ</em></span> <span class='ocrx_word' id='word_1_104' title='bbox 162 1382 202 1441; x_wconf 84' lang='lat' dir='ltr'><strong>R.</strong></span> <span class='ocrx_word' id='word_1_105' title='bbox 225 1384 270 1441; x_wconf 72' lang='lat'><strong>1⁹.</strong></span> <span class='ocrx_word' id='word_1_106' title='bbox 292 1381 374 1442; x_wconf 83' lang='lat' dir='ltr'><strong>Talis</strong></span> <span class='ocrx_word' id='word_1_107' title='bbox 387 1392 554 1442; x_wconf 86' lang='lat' dir='ltr'><strong>contractus</strong></span> <span class='ocrx_word' id='word_1_108' title='bbox 578 1401 695 1460; x_wconf 88' lang='lat' dir='ltr'><strong>semper</strong></span> <span class='ocrx_word' id='word_1_109' title='bbox 711 1380 863 1460; x_wconf 88' lang='lat' dir='ltr'><strong>judicatur</strong></span> <span class='ocrx_word' id='word_1_110' title='bbox 876 1381 991 1442; x_wconf 77' lang='lat' dir='ltr'><strong>validus</strong></span> 
     </span>
     <span class='ocr_line' id='line_1_17' title="bbox 49 1457 305 1521; baseline 0.016 -4"><span class='ocrx_word' id='word_1_111' title='bbox 49 1476 71 1517; x_wconf 88' lang='lat' dir='ltr'><strong>n</strong></span> <span class='ocrx_word' id='word_1_112' title='bbox 83 1457 157 1519; x_wconf 80' lang='lat' dir='ltr'><strong>foro</strong></span> <span class='ocrx_word' id='word_1_113' title='bbox 170 1470 305 1521; x_wconf 86' lang='lat' dir='ltr'><strong>externo.</strong></span> 
     </span>
    </p>

    <p class='ocr_par' dir='ltr' id='par_1_6' title="bbox 49 1538 1001 1917">
     <span class='ocr_line' id='line_1_18' title="bbox 78 1538 1001 1600; baseline 0.003 -3"><span class='ocrx_word' id='word_1_114' title='bbox 78 1538 133 1597; x_wconf 75' lang='lat'><strong>2⁰.</strong></span> <span class='ocrx_word' id='word_1_115' title='bbox 155 1539 205 1599; x_wconf 87' lang='lat' dir='ltr'><strong>Sic</strong></span> <span class='ocrx_word' id='word_1_116' title='bbox 223 1539 399 1599; x_wconf 87' lang='lat' dir='ltr'><strong>contrahens</strong></span> <span class='ocrx_word' id='word_1_117' title='bbox 412 1550 531 1600; x_wconf 88' lang='lat' dir='ltr'><strong>tenetur</strong></span> <span class='ocrx_word' id='word_1_118' title='bbox 553 1541 584 1599; x_wconf 92' lang='lat' dir='ltr'><strong>in</strong></span> <span class='ocrx_word' id='word_1_119' title='bbox 598 1540 778 1600; x_wconf 90' lang='lat' dir='ltr'><strong>conscientia</strong></span> <span class='ocrx_word' id='word_1_120' title='bbox 790 1549 858 1600; x_wconf 89' lang='lat' dir='ltr'><strong>ante</strong></span> <span class='ocrx_word' id='word_1_121' title='bbox 873 1550 1001 1600; x_wconf 64' lang='lat' dir='ltr'><strong>ornnem*</strong></span> 
     </span>
     <span class='ocr_line' id='line_1_19' title="bbox 49 1620 991 1699; baseline 0.003 -23"><span class='ocrx_word' id='word_1_122' title='bbox 49 1620 223 1677; x_wconf 75' lang='lat' dir='ltr'><strong>antennam</strong></span> <span class='ocrx_word' id='word_1_123' title='bbox 241 1620 352 1697; x_wconf 86' lang='lat' dir='ltr'><strong>judicis</strong></span> <span class='ocrx_word' id='word_1_124' title='bbox 372 1635 512 1698; x_wconf 86' lang='lat' dir='ltr'><strong>reparare</strong></span> <span class='ocrx_word' id='word_1_125' title='bbox 535 1620 650 1690; x_wconf 86' lang='lat' dir='ltr'><strong>damna,</strong></span> <span class='ocrx_word' id='word_1_126' title='bbox 671 1640 737 1698; x_wconf 87' lang='lat' dir='ltr'><strong>qnae</strong></span> <span class='ocrx_word' id='word_1_127' title='bbox 759 1620 845 1679; x_wconf 89' lang='lat' dir='ltr'><strong>alteri</strong></span> <span class='ocrx_word' id='word_1_128' title='bbox 859 1620 938 1699; x_wconf 88' lang='lat' dir='ltr'><strong>parti</strong></span> <span class='ocrx_word' id='word_1_129' title='bbox 951 1640 991 1680; x_wconf 83' lang='lat' dir='ltr'><strong>ex</strong></span> 
     </span>
     <span class='ocr_line' id='line_1_20' title="bbox 49 1696 992 1778; baseline 0 -21"><span class='ocrx_word' id='word_1_130' title='bbox 49 1696 116 1757; x_wconf 75' lang='lat' dir='ltr'><strong>neto</strong></span> <span class='ocrx_word' id='word_1_131' title='bbox 137 1697 196 1757; x_wconf 86' lang='lat' dir='ltr'><strong>isto</strong></span> <span class='ocrx_word' id='word_1_132' title='bbox 218 1710 371 1759; x_wconf 87' lang='lat' dir='ltr'><strong>contractu</strong></span> <span class='ocrx_word' id='word_1_133' title='bbox 389 1699 600 1760; x_wconf 77' lang='lat' dir='ltr'><strong>suboriuntur:</strong></span> <span class='ocrx_word' id='word_1_134' title='bbox 620 1699 680 1759; x_wconf 78' lang='lat' dir='ltr'><strong>imo</strong></span> <span class='ocrx_word' id='word_1_135' title='bbox 694 1718 747 1778; x_wconf 87' lang='lat' dir='ltr'><strong>per</strong></span> <span class='ocrx_word' id='word_1_136' title='bbox 760 1699 896 1759; x_wconf 86' lang='lat' dir='ltr'><strong>accidens</strong></span> <span class='ocrx_word' id='word_1_137' title='bbox 909 1709 992 1765; x_wconf 89' lang='lat' dir='ltr'><strong>tene·</strong></span> 
     </span>
     <span class='ocr_line' id='line_1_21' title="bbox 49 1774 993 1915; baseline 0.004 -80"><span class='ocrx_word' id='word_1_138' title='bbox 49 1774 129 1835; x_wconf 88' lang='lat' dir='ltr'><strong>bitar</strong></span> <span class='ocrx_word' id='word_1_139' title='bbox 138 1776 198 1915; x_wconf 60' lang='lat' dir='ltr'><strong>tolil</strong></span> <span class='ocrx_word' id='word_1_140' title='bbox 206 1778 370 1838; x_wconf 86' lang='lat' dir='ltr'><strong>contractui</strong></span> <span class='ocrx_word' id='word_1_141' title='bbox 383 1789 472 1851; x_wconf 86' lang='lat' dir='ltr'><strong>stare,</strong></span> <span class='ocrx_word' id='word_1_142' title='bbox 487 1777 526 1839; x_wconf 91' lang='lat' dir='ltr'><strong>ob</strong></span> <span class='ocrx_word' id='word_1_143' title='bbox 540 1778 685 1851; x_wconf 87' lang='lat' dir='ltr'><strong>scandala,</strong></span> <span class='ocrx_word' id='word_1_144' title='bbox 697 1778 793 1840; x_wconf 85' lang='lat' dir='ltr'><strong>aliave</strong></span> <span class='ocrx_word' id='word_1_145' title='bbox 806 1778 993 1839; x_wconf 81' lang='lat' dir='ltr'><strong>incommoda</strong></span> 
     </span>
     <span class='ocr_line' id='line_1_22' title="bbox 49 1874 225 1917; baseline 0.011 -2"><span class='ocrx_word' id='word_1_146' title='bbox 49 1874 177 1917; x_wconf 80' lang='lat' dir='ltr'><strong>amoveo</strong></span> <span class='ocrx_word' id='word_1_147' title='bbox 199 1877 225 1917; x_wconf 80' lang='lat' dir='ltr'><strong>a.</strong></span> 
     </span>
    </p>

    <p class='ocr_par' dir='ltr' id='par_1_7' title="bbox 49 1936 995 2257">
     <span class='ocr_line' id='line_1_23' title="bbox 84 1936 995 2010; baseline 0.001 -15"><span class='ocrx_word' id='word_1_148' title='bbox 84 1937 136 1995; x_wconf 76' lang='lat'><strong>3⁰.</strong></span> <span class='ocrx_word' id='word_1_149' title='bbox 150 1937 280 1996; x_wconf 89' lang='lat' dir='ltr'><strong>Videtur</strong></span> <span class='ocrx_word' id='word_1_150' title='bbox 294 1938 345 1999; x_wconf 92' lang='lat' dir='ltr'><strong>ille</strong></span> <span class='ocrx_word' id='word_1_151' title='bbox 359 1948 526 1999; x_wconf 88' lang='lat' dir='ltr'><strong>contractus</strong></span> <span class='ocrx_word' id='word_1_152' title='bbox 537 1939 627 1999; x_wconf 89' lang='lat' dir='ltr'><strong>etiam</strong></span> <span class='ocrx_word' id='word_1_153' title='bbox 639 1958 703 1998; x_wconf 90' lang='lat' dir='ltr'><strong>esse</strong></span> <span class='ocrx_word' id='word_1_154' title='bbox 717 1938 747 1997; x_wconf 91' lang='lat' dir='ltr'><strong>in</strong></span> <span class='ocrx_word' id='word_1_155' title='bbox 761 1937 932 2010; x_wconf 74' lang='lat' dir='ltr'><strong>senalidus,</strong></span> <span class='ocrx_word' id='word_1_156' title='bbox 952 1936 995 1996; x_wconf 90' lang='lat' dir='ltr'><strong>ita</strong></span> 
     </span>
     <span class='ocr_line' id='line_1_24' title="bbox 49 2014 993 2095; baseline 0.003 -22"><span class='ocrx_word' id='word_1_157' title='bbox 49 2022 83 2073; x_wconf 87' lang='lat' dir='ltr'><strong>ut</strong></span> <span class='ocrx_word' id='word_1_158' title='bbox 94 2014 149 2075; x_wconf 83' lang='lat' dir='ltr'><strong>tali</strong></span> <span class='ocrx_word' id='word_1_159' title='bbox 162 2016 252 2076; x_wconf 86' lang='lat' dir='ltr'><strong>modo</strong></span> <span class='ocrx_word' id='word_1_160' title='bbox 272 2018 450 2077; x_wconf 86' lang='lat' dir='ltr'><strong>contrahens</strong></span> <span class='ocrx_word' id='word_1_161' title='bbox 468 2027 606 2078; x_wconf 89' lang='lat' dir='ltr'><strong>teneatur</strong></span> <span class='ocrx_word' id='word_1_162' title='bbox 619 2019 650 2077; x_wconf 85' lang='lat' dir='ltr'><strong>ri</strong></span> <span class='ocrx_word' id='word_1_163' title='bbox 663 2018 832 2078; x_wconf 71' lang='lat' dir='ltr'><strong>contractus</strong></span> <span class='ocrx_word' id='word_1_164' title='bbox 852 2024 993 2095; x_wconf 71' lang='lat' dir='ltr'><strong>prestare</strong></span> 
     </span>
     <span class='ocr_line' id='line_1_25' title="bbox 52 2093 995 2177; baseline 0.003 -25"><span class='ocrx_word' id='word_1_165' title='bbox 52 2093 90 2167; x_wconf 84' lang='lat' dir='ltr'><strong>id,</strong></span> <span class='ocrx_word' id='word_1_166' title='bbox 114 2093 152 2154; x_wconf 88' lang='lat' dir='ltr'><strong>de</strong></span> <span class='ocrx_word' id='word_1_167' title='bbox 166 2115 225 2174; x_wconf 88' lang='lat' dir='ltr'><strong>quo</strong></span> <span class='ocrx_word' id='word_1_168' title='bbox 239 2108 417 2156; x_wconf 84' lang='lat' dir='ltr'><strong>conventum</strong></span> <span class='ocrx_word' id='word_1_169' title='bbox 430 2107 486 2157; x_wconf 88' lang='lat' dir='ltr'><strong>est.</strong></span> <span class='ocrx_word' id='word_1_170' title='bbox 528 2098 575 2157; x_wconf 89' lang='lat' dir='ltr'><strong>lta</strong></span> <span class='ocrx_word' id='word_1_171' title='bbox 588 2097 735 2157; x_wconf 83' lang='lat' dir='ltr'><strong>sustinent</strong></span> <span class='ocrx_word' id='word_1_172' title='bbox 747 2097 883 2177; x_wconf 85' lang='lat' dir='ltr'><strong>plerique</strong></span> <span class='ocrx_word' id='word_1_173' title='bbox 898 2096 995 2159; x_wconf 75' lang='lat' dir='ltr'><strong>Iaova·</strong></span> 
     </span>
     <span class='ocr_line' id='line_1_26' title="bbox 53 2172 807 2257; baseline 0.008 -26"><span class='ocrx_word' id='word_1_174' title='bbox 53 2172 176 2245; x_wconf 72' lang='lat' dir='ltr'><strong>menses,</strong></span> <span class='ocrx_word' id='word_1_175' title='bbox 196 2184 299 2234; x_wconf 90' lang='lat' dir='ltr'><strong>contra</strong></span> <span class='ocrx_word' id='word_1_176' title='bbox 313 2177 380 2239; x_wconf 90' lang='lat' dir='ltr'><strong>Van</strong></span> <span class='ocrx_word' id='word_1_177' title='bbox 396 2177 474 2254; x_wconf 82' lang='lat' dir='ltr'><strong>Roy,</strong></span> <span class='ocrx_word' id='word_1_178' title='bbox 497 2176 650 2238; x_wconf 88' lang='lat' dir='ltr'><strong>Tonrnelli</strong></span> <span class='ocrx_word' id='word_1_179' title='bbox 665 2177 807 2257; x_wconf 87' lang='lat' dir='ltr'><strong>aliosque.</strong></span> 
     </span>
    </p>

    <p class='ocr_par' dir='ltr' id='par_1_8' title="bbox 50 2252 999 3357">
     <span class='ocr_line' id='line_1_27' title="bbox 88 2252 992 2317; baseline 0.003 -7"><span class='ocrx_word' id='word_1_180' title='bbox 88 2252 237 2313; x_wconf 85' lang='lat' dir='ltr'><strong>Probatur</strong></span> <span class='ocrx_word' id='word_1_181' title='bbox 255 2254 318 2314; x_wconf 80' lang='lat' dir='ltr'><strong>hac</strong></span> <span class='ocrx_word' id='word_1_182' title='bbox 336 2256 501 2317; x_wconf 78' lang='lat' dir='ltr'><strong>sententiar</strong></span> <span class='ocrx_word' id='word_1_183' title='bbox 521 2267 592 2315; x_wconf 89' lang='lat' dir='ltr'><strong>tuuc</strong></span> <span class='ocrx_word' id='word_1_184' title='bbox 605 2265 773 2315; x_wconf 88' lang='lat' dir='ltr'><strong>contractus</strong></span> <span class='ocrx_word' id='word_1_185' title='bbox 787 2253 876 2314; x_wconf 87' lang='lat' dir='ltr'><strong>debet</strong></span> <span class='ocrx_word' id='word_1_186' title='bbox 890 2253 948 2314; x_wconf 86' lang='lat' dir='ltr'><strong>dici</strong></span> <span class='ocrx_word' id='word_1_187' title='bbox 961 2254 992 2313; x_wconf 87' lang='lat' dir='ltr'><strong>in</strong></span> 
     </span>
     <span class='ocr_line' id='line_1_28' title="bbox 53 2332 996 2415; baseline 0.001 -24"><span class='ocrx_word' id='word_1_188' title='bbox 53 2332 215 2404; x_wconf 77' lang='lat' dir='ltr'><strong>senalidus,</strong></span> <span class='ocrx_word' id='word_1_189' title='bbox 238 2334 356 2412; x_wconf 88' lang='lat' dir='ltr'><strong>quando</strong></span> <span class='ocrx_word' id='word_1_190' title='bbox 370 2345 520 2413; x_wconf 89' lang='lat' dir='ltr'><strong>ponuntur</strong></span> <span class='ocrx_word' id='word_1_191' title='bbox 541 2336 640 2396; x_wconf 90' lang='lat' dir='ltr'><strong>omnia</strong></span> <span class='ocrx_word' id='word_1_192' title='bbox 662 2336 727 2415; x_wconf 88' lang='lat' dir='ltr'><strong>ejus</strong></span> <span class='ocrx_word' id='word_1_193' title='bbox 747 2334 931 2393; x_wconf 85' lang='lat' dir='ltr'><strong>essentialia:</strong></span> <span class='ocrx_word' id='word_1_194' title='bbox 951 2344 996 2394; x_wconf 87' lang='lat' dir='ltr'><strong>at·</strong></span> 
     </span>
     <span class='ocr_line' id='line_1_29' title="bbox 55 2411 994 2493; baseline 0.003 -24"><span class='ocrx_word' id='word_1_195' title='bbox 55 2411 97 2489; x_wconf 91' lang='lat' dir='ltr'><strong>qui</strong></span> <span class='ocrx_word' id='word_1_196' title='bbox 108 2412 249 2490; x_wconf 88' lang='lat' dir='ltr'><strong>ponendo</strong></span> <span class='ocrx_word' id='word_1_197' title='bbox 272 2415 351 2474; x_wconf 78' lang='lat' dir='ltr'><strong>serio</strong></span> <span class='ocrx_word' id='word_1_198' title='bbox 368 2415 466 2475; x_wconf 90' lang='lat' dir='ltr'><strong>omnia</strong></span> <span class='ocrx_word' id='word_1_199' title='bbox 490 2425 622 2485; x_wconf 85' lang='lat' dir='ltr'><strong>externa,</strong></span> <span class='ocrx_word' id='word_1_200' title='bbox 643 2423 794 2493; x_wconf 87' lang='lat' dir='ltr'><strong>ponuntur</strong></span> <span class='ocrx_word' id='word_1_201' title='bbox 817 2413 915 2472; x_wconf 86' lang='lat' dir='ltr'><strong>ornnia</strong></span> <span class='ocrx_word' id='word_1_202' title='bbox 929 2412 994 2491; x_wconf 89' lang='lat' dir='ltr'><strong>ejus</strong></span> 
     </span>
     <span class='ocr_line' id='line_1_30' title="bbox 56 2490 995 2575; baseline -0.002 -24"><span class='ocrx_word' id='word_1_203' title='bbox 56 2490 225 2551; x_wconf 83' lang='lat' dir='ltr'><strong>essentialia.</strong></span> <span class='ocrx_word' id='word_1_204' title='bbox 266 2494 432 2554; x_wconf 85' lang='lat' dir='ltr'><strong>Probatur:</strong></span> <span class='ocrx_word' id='word_1_205' title='bbox 454 2515 508 2555; x_wconf 90' lang='lat' dir='ltr'><strong>nec</strong></span> <span class='ocrx_word' id='word_1_206' title='bbox 527 2495 578 2575; x_wconf 91' lang='lat' dir='ltr'><strong>jus</strong></span> <span class='ocrx_word' id='word_1_207' title='bbox 591 2494 734 2573; x_wconf 88' lang='lat' dir='ltr'><strong>gentium,</strong></span> <span class='ocrx_word' id='word_1_208' title='bbox 755 2513 810 2552; x_wconf 90' lang='lat' dir='ltr'><strong>nec</strong></span> <span class='ocrx_word' id='word_1_209' title='bbox 826 2493 878 2570; x_wconf 88' lang='lat' dir='ltr'><strong>jus</strong></span> <span class='ocrx_word' id='word_1_210' title='bbox 891 2492 995 2570; x_wconf 90' lang='lat' dir='ltr'><strong>positi·</strong></span> 
     </span>
     <span class='ocr_line' id='line_1_31' title="bbox 57 2569 995 2652; baseline 0.001 -23"><span class='ocrx_word' id='word_1_211' title='bbox 57 2587 115 2629; x_wconf 79' lang='lat' dir='ltr'><strong>rum</strong></span> <span class='ocrx_word' id='word_1_212' title='bbox 136 2571 204 2649; x_wconf 93' lang='lat' dir='ltr'><strong>plus</strong></span> <span class='ocrx_word' id='word_1_213' title='bbox 217 2571 255 2630; x_wconf 88' lang='lat' dir='ltr'><strong>ad</strong></span> <span class='ocrx_word' id='word_1_214' title='bbox 273 2571 403 2632; x_wconf 81' lang='lat' dir='ltr'><strong>valorem</strong></span> <span class='ocrx_word' id='word_1_215' title='bbox 418 2574 587 2633; x_wconf 72' lang='lat' dir='ltr'><strong>contractus</strong></span> <span class='ocrx_word' id='word_1_216' title='bbox 601 2573 773 2652; x_wconf 80' lang='lat' dir='ltr'><strong>requisivitr</strong></span> <span class='ocrx_word' id='word_1_217' title='bbox 794 2590 866 2648; x_wconf 83' lang='lat' dir='ltr'><strong>ergo</strong></span> <span class='ocrx_word' id='word_1_218' title='bbox 889 2569 995 2630; x_wconf 88' lang='lat' dir='ltr'><strong>saltem</strong></span> 
     </span>
     <span class='ocr_line' id='line_1_32' title="bbox 58 2650 996 2732; baseline 0.001 -24"><span class='ocrx_word' id='word_1_219' title='bbox 58 2661 223 2720; x_wconf 76' lang='lat' dir='ltr'><strong>nonanus,</strong></span> <span class='ocrx_word' id='word_1_220' title='bbox 245 2652 295 2732; x_wconf 91' lang='lat' dir='ltr'><strong>qui</strong></span> <span class='ocrx_word' id='word_1_221' title='bbox 308 2651 477 2731; x_wconf 88' lang='lat' dir='ltr'><strong>reipublicae</strong></span> <span class='ocrx_word' id='word_1_222' title='bbox 491 2652 678 2731; x_wconf 85' lang='lat' dir='ltr'><strong>dispositioni</strong></span> <span class='ocrx_word' id='word_1_223' title='bbox 699 2650 859 2730; x_wconf 89' lang='lat' dir='ltr'><strong>subjacent,</strong></span> <span class='ocrx_word' id='word_1_224' title='bbox 880 2669 935 2728; x_wconf 88' lang='lat' dir='ltr'><strong>per</strong></span> <span class='ocrx_word' id='word_1_225' title='bbox 948 2670 996 2709; x_wconf 90' lang='lat' dir='ltr'><strong>so·</strong></span> 
     </span>
     <span class='ocr_line' id='line_1_33' title="bbox 57 2726 996 2808; baseline -0.001 -19"><span class='ocrx_word' id='word_1_226' title='bbox 57 2726 104 2789; x_wconf 79' lang='lat' dir='ltr'><strong>laur</strong></span> <span class='ocrx_word' id='word_1_227' title='bbox 117 2731 298 2808; x_wconf 86' lang='lat' dir='ltr'><strong>positionem</strong></span> <span class='ocrx_word' id='word_1_228' title='bbox 313 2743 505 2791; x_wconf 85' lang='lat' dir='ltr'><strong>externorum</strong></span> <span class='ocrx_word' id='word_1_229' title='bbox 519 2743 588 2792; x_wconf 89' lang='lat' dir='ltr'><strong>sunt</strong></span> <span class='ocrx_word' id='word_1_230' title='bbox 599 2732 627 2790; x_wconf 90' lang='lat' dir='ltr'><strong>in</strong></span> <span class='ocrx_word' id='word_1_231' title='bbox 638 2751 669 2791; x_wconf 91' lang='lat' dir='ltr'><strong>se</strong></span> <span class='ocrx_word' id='word_1_232' title='bbox 679 2731 778 2790; x_wconf 86' lang='lat' dir='ltr'><strong>validi.</strong></span> <span class='ocrx_word' id='word_1_233' title='bbox 818 2729 884 2789; x_wconf 91' lang='lat' dir='ltr'><strong>Nec</strong></span> <span class='ocrx_word' id='word_1_234' title='bbox 897 2727 996 2789; x_wconf 87' lang='lat' dir='ltr'><strong>obstat</strong></span> 
     </span>
     <span class='ocr_line' id='line_1_34' title="bbox 59 2807 995 2890; baseline 0.001 -23"><span class='ocrx_word' id='word_1_235' title='bbox 59 2807 283 2869; x_wconf 78' lang='lat' dir='ltr'><strong>alcontmctum</strong></span> <span class='ocrx_word' id='word_1_236' title='bbox 299 2811 496 2871; x_wconf 84' lang='lat' dir='ltr'><strong>essentialiter</strong></span> <span class='ocrx_word' id='word_1_237' title='bbox 509 2812 621 2890; x_wconf 90' lang='lat' dir='ltr'><strong>requiri</strong></span> <span class='ocrx_word' id='word_1_238' title='bbox 636 2829 830 2870; x_wconf 82' lang='lat' dir='ltr'><strong>consensum:</strong></span> <span class='ocrx_word' id='word_1_239' title='bbox 850 2808 902 2887; x_wconf 89' lang='lat' dir='ltr'><strong>qui</strong></span> <span class='ocrx_word' id='word_1_240' title='bbox 915 2809 995 2868; x_wconf 89' lang='lat' dir='ltr'><strong>enim</strong></span> 
     </span>
     <span class='ocr_line' id='line_1_35' title="bbox 57 2888 996 2966; baseline 0 -19"><span class='ocrx_word' id='word_1_241' title='bbox 57 2888 126 2949; x_wconf 76' lang='lat' dir='ltr'><strong>scrib</strong></span> <span class='ocrx_word' id='word_1_242' title='bbox 140 2889 227 2966; x_wconf 91' lang='lat' dir='ltr'><strong>ponit</strong></span> <span class='ocrx_word' id='word_1_243' title='bbox 240 2900 366 2949; x_wconf 86' lang='lat' dir='ltr'><strong>externa</strong></span> <span class='ocrx_word' id='word_1_244' title='bbox 388 2891 567 2960; x_wconf 72' lang='lat' dir='ltr'><strong>contractus,</strong></span> <span class='ocrx_word' id='word_1_245' title='bbox 590 2890 679 2950; x_wconf 88' lang='lat' dir='ltr'><strong>babet</strong></span> <span class='ocrx_word' id='word_1_246' title='bbox 693 2889 887 2948; x_wconf 88' lang='lat' dir='ltr'><strong>intentionem</strong></span> <span class='ocrx_word' id='word_1_247' title='bbox 901 2889 996 2948; x_wconf 82' lang='lat' dir='ltr'><strong>effica-</strong></span> 
     </span>
     <span class='ocr_line' id='line_1_36' title="bbox 56 2967 996 3050; baseline 0.001 -25"><span class='ocrx_word' id='word_1_248' title='bbox 56 2983 111 3026; x_wconf 81' lang='lat' dir='ltr'><strong>cem</strong></span> <span class='ocrx_word' id='word_1_249' title='bbox 134 2968 329 3027; x_wconf 87' lang='lat' dir='ltr'><strong>contrahendi</strong></span> <span class='ocrx_word' id='word_1_250' title='bbox 344 2970 415 3028; x_wconf 79' lang='lat' dir='ltr'><strong>&amp;ee</strong></span> <span class='ocrx_word' id='word_1_251' title='bbox 435 2969 602 3048; x_wconf 87' lang='lat' dir='ltr'><strong>obligandi;</strong></span> <span class='ocrx_word' id='word_1_252' title='bbox 623 2970 692 3050; x_wconf 86' lang='lat' dir='ltr'><strong>quia</strong></span> <span class='ocrx_word' id='word_1_253' title='bbox 712 2971 840 3028; x_wconf 80' lang='lat' dir='ltr'><strong>scienter</strong></span> <span class='ocrx_word' id='word_1_254' title='bbox 854 2969 880 3026; x_wconf 81' lang='lat' dir='ltr'><strong>a</strong></span> <span class='ocrx_word' id='word_1_255' title='bbox 894 2967 996 3027; x_wconf 87' lang='lat' dir='ltr'><strong>volun·</strong></span> 
     </span>
     <span class='ocr_line' id='line_1_37' title="bbox 57 3046 998 3129; baseline 0.001 -24"><span class='ocrx_word' id='word_1_256' title='bbox 57 3046 124 3106; x_wconf 74' lang='lat' dir='ltr'><strong>arie</strong></span> <span class='ocrx_word' id='word_1_257' title='bbox 148 3048 331 3124; x_wconf 83' lang='lat' dir='ltr'><strong>proferendo</strong></span> <span class='ocrx_word' id='word_1_258' title='bbox 353 3048 453 3118; x_wconf 83' lang='lat' dir='ltr'><strong>verba,</strong></span> <span class='ocrx_word' id='word_1_259' title='bbox 474 3048 580 3129; x_wconf 89' lang='lat' dir='ltr'><strong>quibus</strong></span> <span class='ocrx_word' id='word_1_260' title='bbox 594 3069 632 3108; x_wconf 86' lang='lat' dir='ltr'><strong>ex</strong></span> <span class='ocrx_word' id='word_1_261' title='bbox 646 3049 795 3107; x_wconf 90' lang='lat' dir='ltr'><strong>bominum</strong></span> <span class='ocrx_word' id='word_1_262' title='bbox 811 3048 998 3106; x_wconf 85' lang='lat' dir='ltr'><strong>institutione</strong></span> 
     </span>
     <span class='ocr_line' id='line_1_38' title="bbox 53 3122 995 3205; baseline 0.004 -24"><span class='ocrx_word' id='word_1_263' title='bbox 53 3122 260 3204; x_wconf 88' lang='lat' dir='ltr'><strong>obligationem</strong></span> <span class='ocrx_word' id='word_1_264' title='bbox 288 3147 432 3186; x_wconf 87' lang='lat' dir='ltr'><strong>annexam</strong></span> <span class='ocrx_word' id='word_1_265' title='bbox 455 3131 549 3199; x_wconf 85' lang='lat' dir='ltr'><strong>norit,</strong></span> <span class='ocrx_word' id='word_1_266' title='bbox 569 3134 716 3188; x_wconf 85' lang='lat' dir='ltr'><strong>consentit</strong></span> <span class='ocrx_word' id='word_1_267' title='bbox 729 3128 759 3186; x_wconf 95' lang='lat' dir='ltr'><strong>in</strong></span> <span class='ocrx_word' id='word_1_268' title='bbox 774 3126 995 3205; x_wconf 83' lang='lat' dir='ltr'><strong>obligationem,</strong></span> 
     </span>
     <span class='ocr_line' id='line_1_39' title="bbox 53 3204 999 3284; baseline 0.001 -21"><span class='ocrx_word' id='word_1_269' title='bbox 53 3204 154 3265; x_wconf 83' lang='lat' dir='ltr'><strong>saltam</strong></span> <span class='ocrx_word' id='word_1_270' title='bbox 181 3207 416 3284; x_wconf 76' lang='lat' dir='ltr'><strong>interpretativb,</strong></span> <span class='ocrx_word' id='word_1_271' title='bbox 438 3218 468 3267; x_wconf 87' lang='lat' dir='ltr'><strong>et</strong></span> <span class='ocrx_word' id='word_1_272' title='bbox 482 3208 532 3267; x_wconf 87' lang='lat' dir='ltr'><strong>illa</strong></span> <span class='ocrx_word' id='word_1_273' title='bbox 546 3208 671 3267; x_wconf 91' lang='lat' dir='ltr'><strong>intentio</strong></span> <span class='ocrx_word' id='word_1_274' title='bbox 685 3227 767 3266; x_wconf 83' lang='lat' dir='ltr'><strong>utere</strong></span> <span class='ocrx_word' id='word_1_275' title='bbox 790 3207 917 3277; x_wconf 85' lang='lat' dir='ltr'><strong>interna,</strong></span> <span class='ocrx_word' id='word_1_276' title='bbox 940 3224 999 3284; x_wconf 85' lang='lat' dir='ltr'><strong>qua</strong></span> 
     </span>
     <span class='ocr_line' id='line_1_40' title="bbox 50 3284 615 3357; baseline 0.005 -15"><span class='ocrx_word' id='word_1_277' title='bbox 50 3300 107 3343; x_wconf 88' lang='lat' dir='ltr'><strong>non</strong></span> <span class='ocrx_word' id='word_1_278' title='bbox 130 3284 196 3344; x_wconf 84' lang='lat' dir='ltr'><strong>vult</strong></span> <span class='ocrx_word' id='word_1_279' title='bbox 209 3287 392 3357; x_wconf 84' lang='lat' dir='ltr'><strong>contrahere,</strong></span> <span class='ocrx_word' id='word_1_280' title='bbox 414 3299 460 3346; x_wconf 91' lang='lat' dir='ltr'><strong>est</strong></span> <span class='ocrx_word' id='word_1_281' title='bbox 472 3287 615 3346; x_wconf 87' lang='lat' dir='ltr'><strong>inefficax.</strong></span> 
     </span>
    </p>

    <p class='ocr_par' dir='ltr' id='par_1_9' title="bbox 49 3363 1065 3681">
     <span class='ocr_line' id='line_1_41' title="bbox 85 3363 994 3443; baseline -0.003 -20"><span class='ocrx_word' id='word_1_282' title='bbox 85 3363 248 3435; x_wconf 87' lang='lat' dir='ltr'><strong>Praeterea,</strong></span> <span class='ocrx_word' id='word_1_283' title='bbox 270 3365 364 3425; x_wconf 89' lang='lat' dir='ltr'><strong>altera</strong></span> <span class='ocrx_word' id='word_1_284' title='bbox 377 3366 478 3443; x_wconf 86' lang='lat' dir='ltr'><strong>opinio</strong></span> <span class='ocrx_word' id='word_1_285' title='bbox 492 3366 610 3425; x_wconf 80' lang='lat' dir='ltr'><strong>ridetur</strong></span> <span class='ocrx_word' id='word_1_286' title='bbox 624 3365 772 3425; x_wconf 88' lang='lat' dir='ltr'><strong>contraria</strong></span> <span class='ocrx_word' id='word_1_287' title='bbox 782 3363 905 3443; x_wconf 75' lang='lat' dir='ltr'><strong>publica</strong></span> <span class='ocrx_word' id='word_1_288' title='bbox 913 3371 994 3420; x_wconf 90' lang='lat' dir='ltr'><strong>tran·</strong></span> 
     </span>
     <span class='ocr_line' id='line_1_42' title="bbox 51 3440 997 3523; baseline -0.003 -23"><span class='ocrx_word' id='word_1_289' title='bbox 51 3440 202 3522; x_wconf 86' lang='lat' dir='ltr'><strong>quillitati,</strong></span> <span class='ocrx_word' id='word_1_290' title='bbox 224 3446 293 3523; x_wconf 90' lang='lat' dir='ltr'><strong>qnia</strong></span> <span class='ocrx_word' id='word_1_291' title='bbox 301 3444 392 3523; x_wconf 84' lang='lat' dir='ltr'><strong>juxta</strong></span> <span class='ocrx_word' id='word_1_292' title='bbox 405 3445 485 3504; x_wconf 93' lang='lat' dir='ltr'><strong>illam</strong></span> <span class='ocrx_word' id='word_1_293' title='bbox 496 3456 616 3505; x_wconf 87' lang='lat' dir='ltr'><strong>manent</strong></span> <span class='ocrx_word' id='word_1_294' title='bbox 628 3447 742 3504; x_wconf 81' lang='lat' dir='ltr'><strong>incerta</strong></span> <span class='ocrx_word' id='word_1_295' title='bbox 749 3463 848 3504; x_wconf 90' lang='lat' dir='ltr'><strong>rerum</strong></span> <span class='ocrx_word' id='word_1_296' title='bbox 859 3440 997 3511; x_wconf 89' lang='lat' dir='ltr'><strong>dominia,</strong></span> 
     </span>
     <span class='ocr_line' id='line_1_43' title="bbox 50 3520 1065 3602; baseline 0 -22"><span class='ocrx_word' id='word_1_297' title='bbox 50 3540 118 3581; x_wconf 86' lang='lat' dir='ltr'><strong>enm</strong></span> <span class='ocrx_word' id='word_1_298' title='bbox 132 3523 203 3581; x_wconf 87' lang='lat' dir='ltr'><strong>sciri</strong></span> <span class='ocrx_word' id='word_1_299' title='bbox 216 3544 274 3582; x_wconf 91' lang='lat' dir='ltr'><strong>non</strong></span> <span class='ocrx_word' id='word_1_300' title='bbox 289 3525 392 3602; x_wconf 89' lang='lat' dir='ltr'><strong>possit,</strong></span> <span class='ocrx_word' id='word_1_301' title='bbox 407 3544 444 3583; x_wconf 89' lang='lat' dir='ltr'><strong>an</strong></span> <span class='ocrx_word' id='word_1_302' title='bbox 458 3524 634 3585; x_wconf 85' lang='lat' dir='ltr'><strong>contrahens</strong></span> <span class='ocrx_word' id='word_1_303' title='bbox 647 3541 747 3585; x_wconf 89' lang='lat' dir='ltr'><strong>tecum</strong></span> <span class='ocrx_word' id='word_1_304' title='bbox 759 3521 942 3583; x_wconf 87' lang='lat' dir='ltr'><strong>consenserit</strong></span> <span class='ocrx_word' id='word_1_305' title='bbox 954 3520 999 3580; x_wconf 88' lang='lat' dir='ltr'><strong>in·</strong></span> <span class='ocrx_word' id='word_1_306' title='bbox 1059 3548 1065 3587; x_wconf 62' lang='lat' dir='ltr'><strong>a,</strong></span> 
     </span>
     <span class='ocr_line' id='line_1_44' title="bbox 49 3596 1065 3681; baseline 0.007 -22"><span class='ocrx_word' id='word_1_307' title='bbox 49 3610 139 3661; x_wconf 86' lang='lat' dir='ltr'><strong>terne</strong></span> <span class='ocrx_word' id='word_1_308' title='bbox 152 3602 183 3661; x_wconf 93' lang='lat' dir='ltr'><strong>in</strong></span> <span class='ocrx_word' id='word_1_309' title='bbox 195 3602 406 3681; x_wconf 88' lang='lat' dir='ltr'><strong>obligationem</strong></span> <span class='ocrx_word' id='word_1_310' title='bbox 420 3603 598 3663; x_wconf 75' lang='lat' dir='ltr'><strong>contractus.</strong></span> <span class='ocrx_word' id='word_1_311' title='bbox 998 3622 1002 3627; x_wconf 86' lang='lat'>·</span> <span class='ocrx_word' id='word_1_312' title='bbox 1060 3596 1065 3611; x_wconf 67' lang='lat'>⁸</span> 
     </span>
    </p>

    <p class='ocr_par' dir='ltr' id='par_1_10' title="bbox 89 3677 1003 3762">
     <span class='ocr_line' id='line_1_45' title="bbox 89 3677 1003 3762; baseline -0.002 -19"><span class='ocrx_word' id='word_1_313' title='bbox 89 3679 253 3762; x_wconf 78' lang='lat' dir='ltr'><strong>Excipitur</strong></span> <span class='ocrx_word' id='word_1_314' title='bbox 279 3693 377 3744; x_wconf 92' lang='lat' dir='ltr'><strong>tamen</strong></span> <span class='ocrx_word' id='word_1_315' title='bbox 402 3682 632 3756; x_wconf 88' lang='lat' dir='ltr'><strong>matrimonium,</strong></span> <span class='ocrx_word' id='word_1_316' title='bbox 663 3682 894 3762; x_wconf 79' lang='lat' dir='ltr'><strong>quodexterne</strong></span> <span class='ocrx_word' id='word_1_317' title='bbox 920 3677 1003 3741; x_wconf 79' lang='lat' dir='ltr'><strong>serio</strong></span> 
     </span>
    </p>
   </div>
   <div class='ocr_carea' id='block_1_3' title="bbox 0 0 1091 4034">
    <p class='ocr_par' dir='ltr' id='par_1_11' title="bbox 0 0 1091 4034">
     <span class='ocr_line' id='line_1_46' title="bbox 0 0 1091 4034; baseline 0 0"><span class='ocrx_word' id='word_1_318' title='bbox 0 0 1091 4034; x_wconf 95' lang='lat' dir='ltr'><strong> </strong></span> 
     </span>
    </p>
   </div>
  </div>
 </body>
</html>
