2160 4034
97 182 154 239 162
469 158 656 238 raaerarus

97 311 221 383 peceant
244 300 382 383 equidem
406 300 531 380 siugulis
553 299 667 359 vicibus
690 299 869 374 mortaliter,
892 308 1041 382 postquam

99 384 254 442 materiam
269 400 390 459 gravem
404 380 637 459 compleverunt.
1070 433 1080 440 ⁴.

139 463 252 521 Dicunt
270 459 356 520 multi
378 458 542 530 Authores,
562 458 673 538 requiri
694 458 837 538 majorem
853 458 1063 541 quantitatem

99 541 232 601 materias
245 540 283 599 ad
297 559 362 599 essa
376 537 510 608 mortale,
526 537 594 597 dum
606 558 661 615 per
671 538 785 597 minuta
797 539 879 598 furta
892 558 912 597 a
924 537 1045 599 dirersis
1077 595 1080 598 ⁴

98 620 146 680 rel
160 621 197 679 ab
211 619 315 680 eodem
331 617 456 677 diversis
470 616 583 676 vicibus
596 636 645 675 res
659 617 852 677 auferuntur:
878 617 938 678 aed
952 617 984 677 id
1003 638 1044 679 ro·

93 700 162 778 jiait
176 702 346 760 Braunmau
365 708 416 756 tau
439 716 506 755 uam
527 696 556 754 in
578 696 665 775 praxi
679 697 826 768 nocivum,
848 696 919 778 quia
932 697 971 757 ad
985 716 1045 759 esto
1063 700 1075 709 “

97 779 224 839 mortale
238 777 344 837 suffieit
356 788 428 836 nota
449 776 496 835 ilis
510 775 658 857 quantitas
672 774 807 834 absoluta
821 775 931 848 damni,
942 786 995 836 aut
1004 778 1045 837 rei
1068 790 1071 795 “

101 858 215 929 aliena,
228 876 294 938 quae
308 856 459 914 detinetur
472 854 591 914 in'uste.

139 938 189 996 An
205 936 274 995 dum
294 935 403 1013 singuli
423 954 462 994 ex
481 934 615 1012 paribus
636 932 768 993 inferunt
788 933 884 993 eidem
907 934 1045 994 damnum
1075 948 1078 957 ·

98 1016 173 1089 lere,
209 1015 268 1075 uod
279 1014 365 1074 simul
376 1024 525 1092 sumptum
540 1023 699 1091 engrano,
714 1014 845 1073 materia
856 1013 1045 1074 coalescant?
1079 1013 1080 1054 ἶ

137 1096 175 1155 R.
229 1094 356 1172 egatire,
369 1095 427 1152 nisi
441 1092 497 1151 sibi
511 1103 615 1151 mutuo
629 1103 836 1169 cooperentur.
861 1092 942 1154 Vide
956 1092 1044 1153 Duel-

97 1195 166 1235 mau
181 1184 284 1256 quaest.
298 1175 327 1231 5.
340 1172 408 1231 “de
421 1171 521 1231 furto'’
535 1171 651 1230 observ.
666 1172 694 1229 4.
1074 1217 1080 1235 f

137 1255 187 1313 Au
202 1255 253 1337 qui
272 1271 414 1311 summam
437 1248 598 1310 notabilem
619 1270 673 1328 per
686 1251 801 1310 minuta
820 1251 902 1310 furta
922 1250 1043 1332 aooepit,

93 1344 214 1395 tenetur
227 1331 282 1391 sub
295 1330 413 1390 mortali
427 1337 520 1389 totam
534 1329 714 1393 restituere?
1053 1352 1065 1407 q

136 1414 175 1473 R.
195 1410 355 1489 Negatire,
384 1410 436 1469 sed
456 1419 490 1468 ut
510 1409 549 1468 sit
573 1408 711 1468 immunis
735 1429 753 1467 a
775 1419 897 1488 peooato
925 1408 1040 1471 mortali
1065 1463 1075 1474 ,

96 1491 215 1571 injusta
229 1488 419 1559 detentionis,
440 1488 547 1548 suffieit
559 1488 720 1548 restituere
734 1488 892 1561 intantum,
913 1499 948 1548 ut
962 1487 1038 1563 illud,
1052 1550 1055 1555 ,
1076 1513 1080 1544 i

96 1571 176 1654 quod
189 1570 310 1638 retinet,
322 1587 381 1628 non
397 1568 436 1627 sit
449 1566 575 1646 amplius
590 1568 715 1627 materia
728 1566 844 1645 gravis!
1061 1611 1079 1621 .

134 1650 330 1712 VL'Notant
342 1658 441 1706 tamen
456 1647 620 1718 Authores,
637 1646 669 1706 id
683 1647 713 1705 in
728 1648 813 1726 praxi
826 1646 1034 1726 periurloaum:
1060 1665 1072 1675 ·

93 1730 173 1791 unda
196 1727 378 1790 confessarii
401 1737 538 1805 respectu
566 1727 696 1786 omnium
720 1727 818 1785 furum
843 1726 1035 1787 inexorabiles
1073 1769 1080 1791 2

94 1830 160 1870 esse
173 1807 292 1876 debent,
313 1813 338 1866 dr
357 1805 490 1884 obligare
504 1805 681 1883 poenitenter
695 1806 732 1865 ad
746 1805 968 1866 restitutionem
982 1824 1034 1865 om·

94 1890 187 1958 nium,
201 1885 295 1946 etiam'
304 1887 486 1944 minutorum
499 1887 707 1965 t'urtorum,gut
720 1885 763 1944 sio
776 1906 794 1944 a
805 1883 970 1964 maq'oribus
984 1884 1034 1946 effi·

95 1968 193 2026 caelus
207 1965 425 2025 deterreantur.
1058 2018 1059 2026 ,

135 2043 296 2118 Quomodd
309 2041 439 2121 practice
452 2042 670 2120 procedendum
686 2043 724 2102 sit
738 2062 803 2101 eum
818 2063 865 2116 eo,
885 2045 937 2124 qui
951 2042 1033 2107 eonfi-

95 2135 177 2185 tetur
190 2143 222 2183 se
235 2124 377 2193 furatum,
392 2121 489 2180 videri
501 2131 601 2201 potest
615 2123 644 2180 iu
660 2122 808 2182 schemate
822 2126 850 2181 t.

95 2328 135 2388 N.
156 2329 204 2387 92.
244 2325 304 2386 DE
325 2324 799 2465 FURTISCt‘qHffiUMDAM
821 2324 868 2384 IN
890 2323 1035 2387 PAR'l'l·
1067 2345 1080 2352 ⁴

93 2553 118 2611 Ι.
152 2551 248 2610 Fortu
270 2547 552 2626 filiorumfamilms.
603 2546 645 2606 ΙΙ.
675 2547 864 2620 Quondonum
896 2548 1035 2608 mortalia
1071 2576 1080 2586 ·

134 2630 195 2690 lll.
218 2628 263 2687 Et
286 2628 468 2705 quandonam
494 2628 663 2686 restitutioni
688 2626 816 2685 obnoxia
858 2625 913 2687 lv.
941 2627 1037 2687 Furto

96 2742 99 2748 ·
130 2710 290 2786 conjnynm.
331 2705 370 2767 V.
398 2705 495 2765 Furto
510 2715 663 2782 parentum
682 2705 815 2781 infilius.
856 2704 914 2765 vl.
941 2706 1038 2766 Furta

121 2789 340 2867 famulantium.
392 2784 468 2844 Vll.
501 2784 580 2844 Pro'
597 2784 706 2845 wadia
736 2783 891 2862 pecoribua
945 2784 1037 2846 VIII.

130 2869 227 2927 Furto
246 2866 463 2941 Reliqiosurnm.
504 2863 563 2922 IX.
584 2863 735 2924 Monitnm.

93 2994 97 3065 j
131 2987 241 3063 QUll)
256 2984 433 3044 censendum
453 2982 490 3043 de
506 2982 596 3043 furtis
615 2981 883 3042 liliorum-familias
898 3001 936 3042 ex
950 2981 1038 3043 bonis

89 3067 269 3150 parentum?

131 3148 155 3208 l.
176 3146 215 3205 R.
238 3145 269 3204 si
283 3143 360 3227 filius
374 3143 570 3221 quantitatem
581 3141 740 3202 notabilem
753 3142 893 3220 surripiat
903 3160 921 3200 a
930 3160 1039 3220 paren·

89 3228 169 3289 tibus
178 3223 311 3304 graviter
321 3221 431 3292 invitis,
441 3232 554 3281 eertum
565 3232 620 3292 ast,
635 3220 717 3279 illurn
728 3240 849 3299 peccare
859 3220 1038 3281 mortaliter.

131 3307 173 3367 11.
194 3303 314 3364 Dicitur
327 3302 552 3379 “quantitatem
566 3299 724 3360 notabilem
735 3301 760 3359 :”
780 3300 850 3382 quia
868 3318 971 3359 omues
984 3301 1039 3360 ad·

89 3388 223 3454 mittunt,
235 3380 314 3460 quod
326 3381 457 3438 materia
468 3380 617 3458 quantitas
627 3379 675 3438 hio
684 3379 790 3438 debeat
801 3398 865 3438 asse
875 3379 971 3458 major
980 3399 1039 3458 pro

86 3473 209 3545 peccato
219 3459 347 3530 mortali,
362 3459 530 3537 quemdum
545 3460 678 3517 aufertur
691 3458 802 3536 aliquid
817 3458 854 3518 ab
868 3458 1039 3518 extraneisr

89 3544 174 3622 eujus
182 3541 259 3601 ratio
270 3549 325 3609 est,
337 3538 416 3616 quod
427 3538 525 3615 proles
535 3536 662 3597 habeant
672 3538 820 3617 quoddam
827 3535 877 3617 jus
887 3548 1039 3597 remotum

89 3625 120 3682 in
137 3624 214 3683 bona
225 3627 391 3699 pareutum,
407 3637 472 3696 quaa
485 3628 692 3696 postmortem
706 3617 744 3676 ad
758 3619 838 3696 ipsos
852 3617 971 3677 devolvi
985 3616 1039 3677 de·

86 3703 178 3763 bant:
198 3701 269 3760 item
285 3696 355 3778 quia
368 3707 506 3776 parentes
520 3716 579 3758 uon
594 3697 637 3756 ita
650 3696 747 3757 solent
761 3715 826 3757 esse
840 3696 936 3757 inriti.

319 3962 329 3995 l
