2160 4034
327 208 331 215 .
373 178 417 219 nn
436 176 690 221 oonrnaorrnns.
944 166 1005 225 tlt

94 282 192 357 Qudd
203 290 305 342 autem
318 288 529 341 testamentum
539 302 579 343 ex
588 283 654 342 solo
662 282 732 361 jure
742 283 873 361 positivo
883 286 942 344 vim
952 286 1005 347 ha·

55 359 136 434 beat,
172 362 279 422 rotant
291 382 330 421 ex
341 380 390 431 eo,
411 361 490 439 qaod
503 382 544 421 ax
558 362 712 422 voluntate
724 363 879 422 testatoris
891 365 1005 427 nullum

57 382 171 500 larodl
181 441 231 520 jos
241 441 422 520 aequiritur:
436 461 495 500 non
509 451 579 500 ante
585 452 796 512 monomenta
806 442 896 520 juxto
904 464 1006 505 omnus

56 520 197 579 voluntas
211 521 363 581 testatoris
373 523 413 578 sit
424 521 563 599 usquead
574 521 925 583 mortem-ambulatoria:
945 540 1005 583 non

53 610 128 678 post
140 612 288 668 mortem
302 600 372 678 qnia
381 600 448 676 ipsa
455 609 554 658 morte
563 609 691 659 testator
694 599 766 678 jure
775 621 875 661 rerum
886 622 1004 664 suarum

49 680 190 818 anitum
204 680 338 760 adadque
348 690 412 737 tum
421 677 473 756 jus
482 679 594 738 nullum
605 680 635 737 in
644 679 791 740 haeredem
801 691 901 760 potest
910 694 1004 742 troas·

103 778 148 817 re.

94 838 243 897 Daalman
259 838 334 897 hano
357 836 534 897 sententium
549 837 648 916 quood
669 836 863 899 substantiam
877 840 1004 921 amplae·

51 917 143 987 titur,
157 918 210 976 s'ed
223 918 559 976 diverso-fundamento.

94 997 190 1055 Multi
204 997 483 1074 distinguunt'inter
495 996 758 1056 testamentum-sd
769 996 835 1076 pios
848 1018 960 1072 eomas,
973 1011 1005 1061 et

52 1074 95 1134 ud
108 1092 213 1135 eausa·
227 1076 374 1154 profanas.

100 1155 144 1214 ll.
167 1155 319 1229 Quantdm
332 1154 370 1213 ad
379 1154 700 1221 testamentum-minsis
713 1153 846 1215 solemnio
855 1155 1006 1217 admotas

54 1234 208 1312 profanas,
224 1235 312 1294 etiam
330 1234 478 1312 steyaert,
493 1234 673 1304 Braunmao,
684 1234 792 1304 Collet,
802 1234 851 1293 alii
873 1238 1007 1295 uenusti-

54 1323 141 1384 nent,
168 1313 237 1373 inde
264 1313 373 1372 nullam
401 1313 472 1371 oriri
496 1310 716 1391 obligationem,
741 1323 844 1372 eontra
852 1256 1003 1392 lylvium,

57 1392 216 1471 Wiggers,
228 1393 276 1451 De
291 1392 372 1472 Cooq
384 1390 526 1471 aliosque,
539 1392 641 1471 quiex
650 1391 702 1452 llln
715 1391 880 1453 naturnlem
892 1394 1004 1474 obliga·

59 1471 175 1532 tionem
189 1471 259 1530 inde
272 1471 346 1531 oriri
359 1480 475 1549 putant.

96 1551 230 1611 Billuart
242 1550 393 1611 laboriose
409 1559 505 1609 tentat
529 1549 696 1610 iniseriam
710 1550 847 1621 mediam,
871 1551 1007 1626 dioendo,

58 1629 119 1691 tale
128 1640 338 1691 testamentum
350 1650 414 1690 esse
419 1629 563 1701 ualidum,
568 1629 743 1711 inquantum
750 1629 845 1689 liures
853 1629 1018 1693 institutus·

57 1720 161 1789 potest
175 1710 378 1770 haereditatem
391 1719 547 1787 aoeaptare
560 1717 592 1767 et
605 1709 744 1781 retinere,
764 1708 860 1775 donae
872 1728 928 1790 per
937 1728 1006 1771 sen-

59 1790 185 1849 tentiam
195 1789 306 1869 jndiois
320 1788 504 1849 rescindatur
513 1796 733 1848 testamentum.

93 1870 165 1930 'Pro'
198 1870 262 1929 raxi
277 1868 396 1929 videtur
409 1866 599 1928 statuendum
612 1867 668 1926 hoo
681 1867 785 1928 modo:
810 1867 914 1930 sedulo
937 1890 1008 1931 exa·

58 1949 160 2008 minan
182 1969 242 2021 um,
255 1958 357 2007 utrum
371 1947 552 2017 solemnitas,
572 1966 638 2027 qum
651 1946 745 2015 deest,
753 1947 869 2009 littore
882 1951 1007 2021 ementi·

59 2028 124 2100 ulis,
138 2028 187 2088 vel
201 2049 237 2087 an
249 2039 364 2087 tantum
379 2027 495 2086 adferat
504 2025 668 2104 perieulum
682 2026 845 2088 nullitatis:
866 2028 892 2088 'si
906 2040 1005 2109 poste·

58 2109 133 2178 rius,
147 2117 248 2187 potest
258 2108 316 2166 diei
325 2106 385 2166 tale
399 2116 609 2166 testamentum
623 2125 688 2165 ease
698 2105 837 2179 validum,
850 2107 947 2168 donee
953 2129 1008 2189 per

58 2187 238 2248 sententiam
253 2187 421 2246 declaretur
433 2184 604 2245 inualidum.

100 2266 135 2326 Si
149 2266 227 2326 desit
240 2266 412 2326 solemnitas
425 2284 497 2324 vere
509 2262 684 2333 essentialis,
698 2283 765 2323 ,non
779 2265 900 2325 videtur
912 2266 1006 2329 hares

55 2345 217 2405 institutus
232 2345 436 2405 hereditatem
449 2363 538 2422 posse
548 2353 720 2421 aooaptnra3
740 2344 811 2423 quia
820 2345 1008 2405 verisimilius

56 2425 123 2485 tale
135 2434 349 2485 testamentum
362 2423 481 2503 penitus
494 2422 606 2481 nullum
621 2433 668 2481 est
677 2442 768 2482 :oum
776 2434 876 2483 nmen
889 2434 1007 2485 seuten-

58 2506 104 2564 tia
115 2504 213 2582 Sylvii
226 2507 420 2584 aliorumque,
435 2503 486 2581 qni
497 2522 536 2561 ex
544 2500 598 2561 tali
605 2511 787 2561 testamento
794 2501 1006 2580 obligationem

57 2584 227 2644 naturalem
241 2585 314 2643 oriri
326 2592 443 2662 putant,
454 2601 523 2641 non
536 2580 577 2640 sit
589 2582 710 2639 omnino
722 2581 935 2659 improbabilis,
951 2582 1006 2643 Ide·

56 2663 146 2723 beret
163 2665 255 2723 hares
275 2664 312 2722 ab
333 2664 474 2721 intestato
488 2661 634 2719 adratum
648 2659 732 2719 dubii
744 2671 859 2738 partam
872 2660 1003 2740 aliquem

57 2744 134 2804 dare
146 2744 257 2803 haeredi
268 2743 416 2812 instituto,
426 2740 589 2818 legatariis,
597 2738 733 2820 aliisquo.
947 2750 951 2759 ·

105 2822 166 2882 111.
187 2824 338 2897 Quantum
352 2822 390 2880 ad
413 2828 625 2878 tastamentum
638 2818 677 2877 ad
690 2819 763 2896 pits
786 2837 897 2890 (ansas,
911 2818 1010 2881 :multi

61 2911 187 2962 oensent
200 2902 272 2960 illud
285 2921 349 2960 esse
359 2900 591 2979 privilegiatum,
611 2897 1009 2975 neosubjaoeresolemnita·

59 2980 143 3040 tibus
160 2981 238 3057 juris
252 2980 356 3049 oivilis,
380 2978 433 3038 sed
447 2990 564 3037 tantum
582 2976 660 3056 juris
673 2977 808 3037 moeniti
829 2978 935 3037 teletis
943 2998 1008 3057 up.

61 3062 230 3122 Rnnarora
250 3060 317 3118 “da
331 3057 646 3137 testamentis,''·quod
669 3056 766 3116 solum
784 3058 912 3135 requirit
924 3058 1008 3119 zdaos

61 3150 167 3209 testes,
181 3151 216 3199 ut
226 3160 280 3217 per
290 3138 486 3198 eosvolnntas
495 3137 651 3197 testatoris
662 3135 783 3215 probari
797 3136 900 3213 possit.

106 3219 195 3278 Unde
207 3218 352 3279 Anselmo
362 3218 399 3277 ad
410 3229 466 3287 art,
482 3218 527 3276 12.
537 3217 628 3276 edisti
643 3216 777 3294 perpetui
789 3216 816 3296 5.
826 3218 874 3275 61.
884 3215 1009 3277 atterit:

64 3298 123 3357 huo
131 3318 227 3378 usque
238 3319 294 3357 usu
304 3298 510 3357 immemoriali
518 3307 549 3356 at
559 3296 590 3355 in
604 3294 894 3355 viridi-obseruantia
907 3293 1009 3353 obten-

62 3378 361 3437 tnmdrobservatum
370 3373 1010 3453 eattaminforoeiviliqusmssoolesiastido,

62 3469 98 3518 ut
117 3458 228 3517 donato
241 3457 279 3516 nd
292 3458 356 3535 pias
370 3476 472 3516 musea
486 3455 613 3515 debeant
621 3453 751 3532 judioari
759 3454 850 3531 juxta
862 3470 1008 3513 oanonesz

65 3546 157 3615 atque
166 3539 208 3596 ita
221 3539 301 3615 ipsos
313 3535 505 3595 Aoatholioos
511 3535 661 3613 judicasse
673 3532 885 3592 referteodem
896 3531 973 3592 looo.
999 3584 1002 3591 .

102 3617 217 3677 Probat
242 3617 334 3676 etiam
351 3616 394 3675 ibi
416 3616 498 3674 uitat.
517 3613 649 3683 Authar,
681 3622 859 3673 testamenta
886 3611 1009 3690 adpias

65 3716 171 3758 musas
183 3716 246 3759 nou.
255 3692 754 3777 comprehendi.edioto·psrnetuo;
771 3691 854 3770 onia.
866 3689 1014 3772 gemella
