2160 4034
360 152 404 192 nu
424 152 505 194 tuan
524 152 566 194 nr
585 153 740 196 rusrrrm.
777 211 782 218 .
980 140 1027 198 45'

108 254 283 333 Excipiunt
293 265 390 315 tamen
402 258 599 316 communiter
608 258 753 336 Theologi
764 257 828 317 illas
837 277 986 336 personas,
1002 260 1030 318 in

77 334 181 412 quibos
191 336 364 412 ignorantia
371 336 450 414 juris
460 337 615 407 toleratur,
631 349 663 395 ut
674 339 702 393 in
713 338 807 396 milita
818 340 844 396 tr
855 339 1030 409 minorenni,

78 415 297 493 &quandoque
308 417 397 474 etiam
413 417 442 472 in
458 416 581 474 muliare
595 419 621 474 8ι
634 417 756 474 rustico.

110 493 190 586 Item
206 496 348 574 excipere
362 495 460 553 solent
473 496 669 574 ignorantiam
679 495 758 573 juris
772 495 854 555 dubii
869 497 894 554 br
908 506 1026 556 contro·

81 591 165 632 versu

80 771 111 831 N.
125 774 174 831 20.
218 773 282 833 DE
303 768 1027 926 TEMPglEilgUffglql’gAESCRlPTIONEM

84 974 100 1033 l.
134 973 264 1052 Tempus
290 979 457 1054 requisitum
470 976 542 1053 jore
568 977 716 1033 commoni.
772 974 813 1033 ll.
833 975 896 1034 Pro
918 973 1031 1049 Belpr'o.

237 1055 300 1113 Ill.
326 1056 463 1128 Quoedom
476 1064 588 1132 excepto
602 1056 634 1112 io
643 1055 714 1132 jora
726 1057 874 1113 commoni.

23 1198 45 1253 ai
110 1173 345 1267 QUANTUM
359 1193 502 1272 temporis
513 1193 676 1272 requiritur
686 1192 725 1252 ad
739 1193 942 1271 complendam
956 1215 1032 1274 praa-

82 1274 295 1350 scriptionem?
793 1297 797 1306 ·

77 1430 158 1492 titulo
174 1431 346 1508 requiritur
369 1432 540 1500 triennium,
564 1437 590 1489 δι
604 1431 713 1489 dicitur
733 1432 916 1509 praescriptio
938 1432 1030 1492 “bre-

37 1516 41 1529 '
75 1511 197 1568 “rioris
229 1509 408 1588 temporis?
442 1530 497 1587 pro
520 1531 553 1569 re
578 1510 722 1569 immobili
746 1531 811 1567 cum
836 1511 924 1569 titulo
951 1513 1031 1572 inter

23 1591 38 1646 io
72 1600 240 1669 praesentes
267 1591 461 1668 requiruntur
477 1592 513 1647 10
526 1592 603 1659 anni,
624 1591 704 1649 inter
727 1590 864 1648 absentes
888 1593 926 1648 20
951 1593 1029 1649 anni.

73 1671 146 1728 Hac
161 1670 355 1747 praescriptio
371 1679 494 1727 vocatur
515 1680 532 1707 ‘⁴
544 1669 627 1746 longi
643 1669 811 1746 temporis.''

104 1751 187 1811 Jnre
205 1750 298 1808 Rom.
309 1760 470 1826 praesentes
484 1760 650 1817 censentur,
666 1751 715 1825 qni
725 1750 755 1805 in
765 1748 866 1807 eadem
878 1750 1029 1826 provincia

70 1829 259 1888 domicilium
275 1829 394 1895 babent,
414 1831 477 1886 sive
491 1848 540 1887 res
554 1827 771 1905 praescribenda
789 1829 936 1887 incudem
960 1848 1028 1906 pro·

69 1909 165 1967 vincia
180 1908 298 1967 sita-sit
311 1909 451 1966 sirenon.

106 1989 170 2047 Pro
188 1987 416 2066 praescriptione
425 1987 468 2045 rei
478 1985 595 2045 mobilis
607 1987 669 2044 siva
680 1984 839 2044 immobilis
853 1986 916 2043 sine
927 1986 1024 2057 titulo,

70 2068 272 2145 requiruntur
284 2070 324 2124 30
337 2067 414 2133 anni,
436 2068 462 2124 8r
477 2067 585 2125 dicitnr
606 2074 624 2102 ‘⁴
637 2065 815 2142 Longissimi
831 2067 999 2142 temporis.”

107 2147 319 2205 Ecclesimnm
334 2148 360 2204 br
374 2145 497 2204 aliarum
522 2147 636 2223 piarum
658 2165 809 2202 causarum
825 2143 902 2202 bona
924 2145 1028 2204 immo·

71 2226 139 2284 bilia
149 2225 389 2305 praescribuntur
399 2224 513 2284 tantbm
525 2227 565 2282 40
579 2223 671 2295 annis,
686 2225 713 2281 8r
730 2224 870 2282 Ecclesiae
886 2225 1028 2284 Romnum

72 2318 204 2366 centum.
247 2307 322 2364 Haec
336 2307 373 2363 de
388 2303 623 2381 jurecommuni.

108 2385 151 2445 II.
174 2383 295 2445 Variam
320 2384 452 2442 moribus
476 2383 595 2451 nostris,
617 2383 659 2440 ait
683 2382 817 2460 Zypaeus,
845 2382 904 2440 “in
919 2385 1027 2442 notitia

70 2464 178 2542 “juris
205 2463 352 2541 Belgicis*
371 2484 430 2521 nna
454 2463 517 2522 fere
539 2463 758 2539 eademqueest
772 2462 965 2539 praescriptio,
988 2467 1029 2520 30

72 2545 184 2603 scilicet
195 2562 352 2613 annorum,
367 2543 457 2620 idque
471 2553 530 2601 tam
541 2562 594 2619 pro
604 2541 770 2610 mobilibus,
792 2544 879 2618 quim
892 2542 1026 2600 immobi-

71 2624 153 2694 libus,
166 2625 245 2681 item
259 2643 314 2700 pro
329 2623 493 2680 actionibus
503 2620 639 2690 realibus,
652 2621 854 2698 personalibus
868 2622 894 2676 tr
907 2620 1027 2689 mixtis;

74 2704 130 2761 sine
145 2702 327 2781 praejudicio
342 2711 451 2772 tamen,
472 2712 506 2759 nt
533 2711 627 2768 notat,
650 2699 825 2759 Christianae
846 2699 1025 2777 praescripti-

73 2784 130 2841 onis
150 2785 193 2840 40
208 2801 356 2840 annorum
371 2791 490 2840 statuta
501 2800 554 2858 per
566 2781 701 2839 Canonas
715 2789 819 2836 contra
832 2778 909 2837 bona
923 2779 1025 2836 Eccle-

72 2865 123 2932 siae,
147 2864 175 2920 8r
190 2861 267 2920 alias
282 2880 431 2938 personas,
454 2861 560 2938 quibus
570 2860 621 2937 jus
632 2858 712 2918 aliud
727 2859 870 2938 temporis
885 2858 1024 2916 interval-

70 2943 123 2999 lum
137 2942 319 3018 assignavit.

107 3022 140 3080 In
152 3020 231 3097 jure
245 3019 394 3098 praecipua}
409 3019 599 3097 excipiuntur
614 3018 786 3097 sequeutia:

107 3102 167 3159 ΙΙΙ.
191 3102 310 3159 Contra
331 3100 485 3175 pupillum,
507 3099 647 3176 quamdin
662 3108 708 3156 est
722 3100 750 3154 in
765 3106 852 3155 aetate
875 3094 1023 3173 pupillari,

70 3181 145 3238 nulla
159 3180 304 3256 procedit
317 3180 517 3257 praescriptio:
546 3181 570 3235 si
589 3179 685 3236 minor
708 3178 809 3247 fuerit,
830 3177 1025 3253 requiruntur

71 3261 202 3318 30anui.

102 3338 282 3398 Triennalis
309 3337 456 3415 possessio
480 3337 601 3414 pacifica
627 3336 771 3406 beneficii,
793 3336 908 3413 dequo
932 3331 1023 3389 Num.

69 3418 220 3496 superiori
235 3427 333 3475 actum
358 3427 413 3484 est,
435 3416 600 3494 praescribit
613 3426 748 3493 temporo
760 3416 889 3473 triennii.
931 3411 1021 3468 Actio

67 3500 248 3577 injuriarum
265 3497 382 3574 expirat
403 3495 487 3575 lapsu
511 3496 597 3553 unius
621 3499 698 3553 anni.
741 3495 830 3552 Actio
844 3492 904 3550 fisci
920 3501 1025 3549 contra

66 3578 141 3636 bona
156 3577 324 3635 confiscata
338 3574 375 3633 ob
390 3596 448 3634 non
463 3575 591 3633 solutum
608 3574 743 3651 vectigal,
759 3571 943 3631 autsimilem
956 3589 1022 3628 cau·

65 3678 124 3717 sam
139 3677 207 3718 non
222 3654 415 3729 criminalem,
437 3654 623 3733 extinguitur
637 3652 845 3732 quinquennio.
