2160 4034
63 126 138 183 270·
390 168 394 177 .
445 139 632 184 reuertens

84 281 125 340 N.
139 284 167 339 8.
208 279 269 340 DE
289 280 633 421 REQUI'Skll'zl'fiypthlS
645 278 865 343 VALOREM
888 278 986 341 coii-

65 479 90 539 1.
110 479 618 558 Reqauduadoaloremcontraetiis.
659 480 1007 557 ILQuisamdobileecd
1035 474 1043 601 1

426 561 655 621 mutulendum.
701 614 704 621 .

59 694 61 701 '
104 679 240 753 QUAEN
243 678 310 739 AM
322 680 515 762 requiruntur
528 681 565 740 ad
576 681 706 740 valorem
718 680 912 740 contractus?

104 757 130 817 l.
151 759 189 818 R.
210 760 284 818 Haec
297 772 443 841 quatuor:
467 763 512 820 10.
533 761 576 820 Ut
590 762 798 823 contrahentes
811 760 874 819 sint
897 756 1004 818 habiles

64 836 102 896 ad
116 839 359 903 contrabendum.

102 920 151 978 2⁰.
173 918 277 977 Utres
292 919 331 978 sit
354 939 447 997 capax
460 925 486 979 e
498 928 577 999 apta,
600 930 635 979 nt
654 916 823 999 hujusmodi
845 917 1004 976 contractui

62 994 244 1074 subjiciatur.
685 995 690 1002 ’

102 1078 150 1135 80.
174 1078 215 1136 Ut
228 1077 435 1137 contrahentes
449 1087 591 1156 praestent
603 1077 769 1157 legitimum
784 1094 969 1135 consensum.

102 1156 150 1213 4⁰.
172 1156 215 1215 Ut
229 1155 404 1216 observetur
427 1159 523 1217 forma
538 1156 738 1217 substantialis
752 1159 770 1216 d
785 1155 857 1235 jure
880 1154 927 1214 vel
942 1173 1000 1215 con·

66 1234 223 1294 suetudine
237 1236 274 1294 ed
289 1237 418 1295 valorem
432 1238 584 1317 requisita.

65 1314 152 1453 ruffi
165 1314 349 1396 quadruplici
362 1317 455 1394 igitur
468 1336 556 1374 causa
569 1324 736 1375 contractus
746 1323 847 1394 potest
855 1333 921 1373 esse
928 1313 998 1373 inra-

77 1413 153 1452 ius.
1036 1440 1043 1447 .

101 1472 233 1546 Quinam
248 1484 317 1533 sunt
330 1473 442 1533 habiles
462 1473 500 1533 ad
514 1472 770 1534 contrabendum?
1024 1436 1034 1541 ¹²,

104 1551 147 1611 Il.
162 1553 199 1613 R.
215 1552 328 1612 Omnes
336 1553 389 1622 illi,
401 1554 451 1631 qui
462 1552 585 1615 liberam
595 1552 705 1612 habeut
715 1552 859 1611 bonorum
869 1550 996 1610 odininii·
1027 1546 1043 1605 &⁴

62 1631 231 1770 tratioqem,
246 1631 357 1692 scilicet
371 1653 523 1712 quousque
533 1633 596 1692 haec
605 1631 729 1691 facultas
743 1630 998 1691 administrandise
1028 1599 1043 1741 ξ

64 1711 208 1770 exterit.
1030 1744 1038 1759 μ

104 1790 313 1850 Facultashaec
327 1791 356 1850 iii
370 1790 459 1851 rebus
467 1790 569 1853 alienis
580 1789 627 1851 vel
636 1788 762 1850 babetur
770 1808 809 1847 ex
820 1787 999 1848 concessione
1033 1790 1043 1865 ¹.

21 1892 28 1901 ·
65 1870 206 1929 Domini:
227 1880 258 1930 et
272 1881 342 1930 tunc
356 1871 491 1930 voluntas
507 1870 628 1930 Domini
642 1869 756 1929 attendi
769 1866 875 1927 debet:
896 1866 1000 1927 relba·
1039 1868 1043 1941 j

60 1948 151 2007 betur
166 1952 184 2009 d
195 1949 356 2027 legqjure,
368 1959 419 2008 aut
430 1949 592 2027 superiore,
603 1959 634 2010 et
644 1959 714 2008 turic
724 1948 835 2028 pendet
845 1944 999 2025 exlegibus
1041 1946 1043 1953 '

1036 968 1043 1024 l

64 2037 95 2086 et
104 2029 240 2164 probetis
255 2028 523 2087 consuetudinibus.

121 2106 253 2165 nbabiles
266 2127 339 2184 ergo
353 2108 473 2166 suntad
487 2107 718 2167 contrabendum
738 2115 880 2175 amentes,
893 2103 1002 2174 furiosi,

64 2186 197 2264 perfecte
215 2185 300 2256 ebrii,
328 2187 455 2245 insontes
478 2196 547 2246 ante
562 2207 646 2246 usum
659 2187 793 2257 rationis,
816 2196 848 2245 et
863 2182 1004 2277 Relpgiosi

62 2263 238 2342 ¹solemniter
246 2265 380 2343 professi.

105 2345 289 2415 Notandum,
304 2355 482 2422 potestatem
494 2344 686 2405 contrahendi
697 2364 774 2423 saepe
788 2364 842 2423 per
850 2341 922 2421 jura
935 2342 1006 2423 posi·

65 2423 128 2484 tiva
136 2444 200 2484 esse
211 2424 376 2494 limitatam,
393 2423 439 2484 vel
449 2426 536 2484 etiam
546 2426 583 2484 ad
594 2434 711 2502 tempus
721 2433 773 2483 out
784 2425 1004 2502 inperpetuum,

67 2506 244 2586 quaudoque
258 2524 428 2598 suspensam
442 2514 494 2564 aut
513 2505 694 2582 impeditam,
718 2524 747 2562 r.
760 2523 789 2582 g.
803 2515 943 2580 respectu
954 2523 1005 2640 pu·

63 2583 211 2663 pillornm,
246 2585 471 2655 minorennium,
501 2585 704 2720 prodigorum,
731 2585 783 2641 dic.
817 2602 872 2662 pro
900 2582 951 2660 qni
973 2601 1003 2640 ns

62 2664 230 2801 uecessaqip
243 2662 356 2722 attendi
371 2662 480 2722 debent
514 2680 633 2722 ocorum
648 2662 876 2722 consuetudines
894 2663 922 2720 dr
941 2662 1005 2742 jura

62 2761 193 2822 municip
224 2762 260 2801 ia.

63 2901 104 2960 N.
115 2903 143 2962 i.
169 2901 409 2975 Quousque
424 2900 610 2971 Pupieni,
624 2902 675 2959 se.
697 2899 889 2959 ueniens
906 2898 1003 2960 sirii

300 2981 361 3039 An
384 2979 769 3041 cournnnnriouiu.

64 3081 90 3143 1.
109 3082 233 3161 Popilli.
274 3082 318 3141 Il.
337 3081 462 3152 Puberes
488 3082 513 3157 ἃ
539 3084 721 3140 minorenner.
762 3078 822 3138 111.
852 3078 1003 3155 Tenue

64 3220 69 3227 .
101 3161 233 3223 curacii.
262 3161 317 3222 IV.
343 3163 531 3234 Quondonum
540 3162 658 3219 desinat.
685 3159 724 3219 V.
743 3157 1002 3235 Anteseptennium

102 3240 271 3301 contrairent
294 3241 428 3299 invalide.
468 3239 525 3300 Vl.
556 3240 747 3312 Quendenam
770 3237 864 3295 velue*
888 3238 1003 3315 dejure

63 3390 66 3396 Δ
101 3322 249 3380 communi.
288 3319 361 3380 Vll.
381 3319 476 3378 Mores
501 3317 623 3394 Belpici'.
663 3316 754 3378 VIll.
773 3315 821 3375 De
839 3315 1004 3392 obliputr'one

100 3401 229 3458 naturali
250 3399 435 3478 pupillorum.
484 3397 543 3458 IX.
570 3396 746 3474 Beneficium
768 3397 951 3455 restitutionis
976 3398 1006 3455 rii

101 3481 250 3554 iriteprum.
1034 3548 1036 3553 Ι

89 3576 131 3636 .1.
152 3576 518 3646 PRAENOTANDUM,
536 3575 666 3654 pupillos
677 3594 732 3654 pro
754 3575 798 3635 ria
811 3573 934 3646 censeri,
953 3575 1007 3654 qui

66 3656 136 3716 curii
145 3656 285 3734 parentis,
296 3653 483 3734 potissimum
493 3655 635 3730 defuncti,
645 3665 715 3715 aunt
723 3594 961 3736 dicionemque
970 3654 1009 3715 ad

63 3747 180 3818 tempus
192 3733 367 3816 pubertatis.
