2160 4034
58 160 119 221 4⁰4
369 196 373 205 ·
433 169 621 215 raaursnns

62 287 120 350 est,
139 284 235 336 oessat
255 275 404 354 exceptio,
425 275 565 336 &manet
577 271 721 352 obligatio
738 272 888 335 naturalis
899 274 932 334 in
945 294 1004 340 son·

66 355 199 419 seientia.
702 374 705 380 ·

105 437 235 495 Iauornm
259 453 298 494 ex
318 431 391 492 ludo
409 431 525 509 iegibus
544 431 680 511 positivis
694 431 790 493 solnm
803 433 904 495 vetito
915 432 1008 519 angui

65 516 166 584 situm,
185 511 316 572 retinere
339 512 410 573 lieet
430 512 525 571 donea
542 531 597 590 per
610 512 787 580 sententiam
801 513 825 574 J
827 513 924 577 udicis
938 516 1010 577 ordi

64 606 136 654 nata
158 594 197 652 sit
220 592 381 651 restitutio.
430 591 480 651 De
502 590 580 650 ludis
603 590 693 651 latinis
716 592 785 651 vide
809 593 862 652 De
885 593 1008 674 Cooqi
1037 630 1045 663 t

66 672 225 736 Daeiman.
478 688 482 694 ·
932 726 935 733 .

89 751 189 827 ¹Quid
209 760 256 811 est
275 749 405 829 sponsio,
424 749 510 826 enipi
522 749 656 821 certatio,
665 749 816 831 flandri&
831 750 1011 831 weddinge,
1047 780 1051 819 ι

64 831 167 910 gallica
182 830 343 908 Gugenre?
1007 855 1009 859 ’
1042 840 1051 893 i

106 911 145 971 R.
167 911 224 970 Est
236 919 415 978 contractus,
429 928 489 989 quo
502 907 592 987 aliqui
608 906 645 967 de
658 908 785 969 veritate
794 909 844 969 vel
857 909 897 970 de
906 921 1012 975 eventu

64 989 189 1068 alicujus
203 988 247 1047 rei
260 989 482 1058 contendentes,
495 987 649 1066 praemium
661 987 828 1048 decernunt
838 989 867 1049 ei
877 988 1010 1071 quiveri·
1035 1003 1051 1052 i.

65 1079 158 1129 tatem
172 1067 264 1127 fuerit
277 1078 439 1127 uouemus.
934 1126 939 1133 ‚
1034 1071 1051 1130 si

107 1148 151 1209 Ut
172 1158 339 1206 contractus
361 1147 401 1205 sit
418 1146 527 1224 justus,
548 1165 667 1206 necesse
690 1156 746 1216 est,
767 1156 801 1205 nt
826 1165 886 1218 res,
908 1147 1006 1229 deum
1032 1151 1042 1209 i

68 1227 265 1321 aputenditunr,
286 1224 390 1285 eodem
410 1245 497 1284 sensu
510 1223 547 1284 ab
562 1236 689 1318 utroque
702 1225 875 1320 accipietur,
897 1227 1004 1309 utrique
1033 1246 1051 1287 u

65 1304 553 1478 tittti'nittttitiii
560 1304 1004 1463 itititttttttiitti!
1034 1384 1051 1446 r

64 1466 193 1545 positam
208 1472 384 1522 remitteret.

105 1543 224 1615 Deinde
247 1542 350 1602 abesse
370 1541 460 1601 debet
480 1540 561 1600 fraus
577 1540 720 1602 simulata
736 1542 1002 1615 moestitudinis&
1036 1566 1051 1604 u

63 1623 185 1685 tandem
207 1622 378 1703 requiritur,
398 1632 433 1680 ut
450 1620 532 1698 leges
550 1621 738 1698 sponsionem
750 1642 811 1681 uun
826 1622 1003 1701 prohibeant.

64 1702 194 1764 Consule
222 1701 359 1761 Herinex
385 1702 412 1760 a
439 1698 585 1760 Anselmo
610 1700 641 1758 iu
669 1699 861 1763 Treboniano
888 1702 1002 1783 Belgino
1045 1704 1051 1718 ⁴

64 1801 129 1860 esp.
149 1784 197 1840 79.
876 1801 880 1807 ’
1041 1784 1051 1840 i

1039 1883 1051 1919 ΙΙ

67 1996 70 2003 “
92 1982 153 2044 Νο.
173 1986 222 2041 70.
253 1982 313 2041 Du
334 1981 541 2043 TRIBUTIS
561 1978 619 2040 ET
639 1979 977 2044 VECTIGALIBUS.
1039 1928 1043 1975 Ι

66 2142 90 2201 Ι.
109 2141 266 2201 Tribnium.
308 2141 351 2200 11.
376 2140 507 2216 Vectigal,
542 2140 609 2221 ΙΙΙ.
634 2140 761 2204 Gubello.
802 2142 858 2202 1v.
884 2141 1007 2203 Triari·
1044 2042 1051 2227 Ι

122 2222 227 2281 uisite:
273 2220 312 2280 V.
331 2220 474 2296 Legitima
500 2221 665 2295 antimius,
716 2221 773 2281 VI.
799 2222 889 2282 Justa
915 2243 1006 2295 muso,

136 2301 179 2360 ΙΙ.
198 2300 224 2376 85
237 2300 328 2360 debita
335 2303 493 2379 proportio.

103 2421 284 2483 NOMINE
297 2419 401 2480 tributi
415 2419 607 2498 &vectigalis
626 2420 790 2498 generatim
804 2427 830 2480 ἃ
844 2422 955 2499 passim
968 2421 1009 2481 iu·

63 2501 212 2580 telligitur
225 2520 312 2561 omne
333 2500 373 2570 id,
395 2499 476 2578 quod
498 2500 629 2577 Principi
644 2511 695 2558 aut
709 2500 893 2578 Reipnbiieae
916 2522 935 2560 a
953 2503 1010 2582 pri·

62 2582 143 2649 satis
152 2581 227 2640 solvi
238 2579 315 2641 solet
324 2579 363 2639 ad
373 2581 619 2640 sustentationem
629 2580 776 2659 Principis
787 2581 835 2639 vel
845 2582 1010 2641 eommunia

66 2659 302 2720 oneraferenda.
896 2716 899 2721 .

106 2739 132 2799 Ι.
152 2742 198 2798 At
211 2739 313 2799 stricte
326 2737 475 2816 loquendo
489 2736 633 2797 tributum
647 2737 794 2816 signifieat
806 2738 980 2817 pensionem
994 2759 1009 2798 a

65 2817 192 2877 subditis
206 2818 430 2896 proportionati
444 2815 481 2875 ad
495 2817 594 2876 media
609 2818 773 2897 presertim
788 2816 943 2897 praedialis
956 2817 1009 2878 sol·

64 2896 200 2957 vendam.

71 3028 76 3037 .
105 2976 148 3037 ΙΙ.
163 2976 302 3055 Vectigal
315 2987 412 3035 antem
427 2976 547 3055 proprie
558 2975 704 3055 signifieat
714 2976 885 3055 pensionem
897 2976 1009 3036 solven-

65 3054 133 3117 dam
146 3075 201 3135 pro
216 3057 314 3126 rebus,
329 3074 394 3134 qum
408 3066 604 3135 exportantur
617 3066 668 3115 aut
687 3056 886 3134 importantur
900 3057 931 3115 iu
945 3060 1008 3136 pro·

66 3134 191 3194 vinciam
205 3145 258 3193 ant
271 3134 431 3194 civitatem.
894 3134 897 3140 '

105 3214 166 3274 111.
187 3213 260 3272 Alio
279 3215 398 3274 nomine
419 3223 480 3274 tam
498 3214 643 3274 tributum
656 3216 744 3296 quim
764 3214 892 3292 vectigal
913 3216 1008 3276 venari

66 3292 143 3354 solet
154 3293 282 3368 gabellii:
305 3294 357 3352 sed
371 3295 491 3352 nomina
505 3295 566 3354 haee
579 3296 719 3354 confundi
733 3293 838 3356 solent.

108 3373 250 3496 Qpaenam
262 3371 464 3452 requiruntur,
478 3385 512 3433 ut
525 3372 669 3434 tributum
683 3395 735 3435 sen
749 3373 877 3452 veotigal
897 3375 938 3435 sit
946 3374 1008 3453 jus·

105 3532 161 3591 lv.
183 3531 222 3592 R.
242 3532 316 3591 Haeo
330 3531 404 3591 tria:
428 3533 473 3590 10.
494 3533 645 3612 Legitima
662 3533 826 3593 authoritas
847 3534 876 3592 in
887 3553 939 3603 eo,
958 3533 1006 3615 qui

64 3611 199 3691 imponit.
239 3615 287 3671 2⁹.
307 3612 458 3691 Legitima
471 3632 566 3675 eausa.
607 3616 656 3674 30.
676 3611 787 3675 Debita
800 3614 966 3693 proportio.
