2160 4034
376 175 687 220 cucurrissemus.
945 161 1003 219 273

54 269 210 336 habilitate
236 275 428 337 contrahendi
449 277 693 357 iuter.pupillum
716 280 742 337 lis
763 287 903 343 tutorem.
924 276 1002 336 inter

54 363 221 413 curatorem
236 367 266 413 et
279 355 426 427 clientem,
451 357 528 417 inter
549 359 693 417 medicum
708 368 739 418 et
752 377 863 435 agrum
877 357 1003 416 durante

55 433 168 502 morbo,
190 445 221 493 et
242 435 320 494 inter
333 436 506 495 advocatum
520 447 551 496 et
564 437 701 497 clientem
715 437 840 497 durante
854 437 916 507 lite,
936 454 1002 515 qum

57 510 129 570 scire
144 523 260 590 spectat
273 515 309 573 ad
323 516 530 594 durispcritos.

88 590 204 665 Quoad
216 593 355 652 maritum
369 604 400 653 et
411 614 544 663 uxorem,
564 595 757 654 conformiter
769 593 808 654 ad
821 594 1001 654 decisionem

53 669 99 729 ⁵⁵.
143 670 267 731 Domini
292 673 477 743 Stoclrmana
505 675 551 731 rir
572 673 664 732 libore
679 675 788 733 alienat
806 674 999 733 mobiliauon

56 747 151 809 olum
173 751 326 830 acquisita,
347 753 400 812 scd
421 753 510 812 etiam
534 750 571 811 ab
593 773 689 811 uxore
702 753 809 812 allata:
829 753 900 811 item
910 755 1001 830 juxta

55 826 263 887 christianum
278 850 330 908 per
344 851 442 890 moros
456 832 566 890 Mecbl.
592 841 692 909 potest
705 830 751 890 vir
764 832 893 891 alienare
907 831 1000 891 inriti

55 924 149 967 uxore
172 907 334 968 immobilia
357 921 454 970 stante
467 911 655 987 matrimonio
669 911 844 992 conquisita,
865 910 954 971 modo
967 912 999 970 id

50 1003 110 1044 non
128 985 180 1045 fiat
194 986 231 1045 ad
244 988 437 1049 fraudandam
452 1009 591 1049 uxorem:
613 989 665 1049 sed
679 1009 776 1049 mores
799 990 1000 1050 Lovauienses

50 1065 308 1127 &Bruxellenses
322 1069 417 1128 solnm
431 1071 615 1149 permittunt,
636 1069 679 1129 ait
701 1069 749 1129 Dc
771 1069 862 1147 Cocq,
883 1081 917 1129 ut
930 1090 1000 1128 con·

50 1145 167 1231 quisita
190 1147 284 1224 possit
305 1149 427 1208 maritus
451 1149 590 1220 alienare,
611 1149 641 1207 in
661 1148 772 1231 quibus¹
787 1149 894 1209 mulier
913 1148 1001 1209 simul

49 1224 234 1284 rostitanon
248 1236 303 1285 est.
903 1240 906 1245 ’

51 1461 96 1521 N.
127 1464 156 1521 ⁵.
216 1462 275 1522 DE
296 1464 577 1607 ΟΑΡΑΟΙΤἸᾼῶἳ
596 1467 673 1529 REI
694 1416 756 1527 Ab
779 1465 999 1528 coNTnAc-

61 1701 84 1759 1.
103 1701 160 1762 Rei
178 1705 320 1782 capacitas
335 1714 556 1843 prplxtrqqttra
572 1704 728 1844 1,ἐιΙὶἑΙΝοη
740 1707 998 1765 omnuwntroctor

365 1804 374 1842 r
445 1804 479 1844 ua
541 1803 572 1843 m
650 1805 693 1844 ua.

62 1947 65 1952 '
98 1935 321 2001 UNDENAM
342 1942 480 2021 provenit
500 1961 564 2002 rem
584 1962 642 2002 non
657 1961 722 2002 osso
735 1960 871 2021 capacem
885 1959 937 2001 scu
950 1959 1002 2020 ap·

64 2028 128 2090 um,
149 2031 184 2079 ut
196 2032 279 2079 certo
293 2022 456 2081 contractui
471 2020 668 2099 subjiciatur?

98 2098 124 2158 Ι.
145 2098 183 2159 R.
206 2099 240 2158 ld
255 2099 412 2179 aliquando
425 2101 564 2179 prorepit
577 2121 616 2161 cx
624 2100 694 2180 jure
707 2111 829 2170 natura,
842 2109 874 2158 ut
887 2099 917 2157 in
932 2118 1000 2158 oon·

65 2186 156 2237 tractu
169 2178 339 2250 simoniaco,
360 2179 410 2238 ubi
429 2180 555 2239 simonia
577 2191 623 2239 est
644 2179 723 2259 juris
747 2179 856 2248 divini;
876 2181 948 2236 item
970 2178 1000 2235 in

64 2266 210 2316 contractu
224 2259 261 2317 dc
274 2279 308 2317 ro
321 2259 433 2319 furtiva
445 2259 493 2318 vol
506 2259 690 2352 impossibili.

94 2336 267 2414 Aliquando
291 2338 322 2397 id
335 2338 473 2417 provenit
487 2357 526 2397 cx
547 2358 617 2415 Jurc
632 2337 726 2396 schim
740 2335 878 2416 positivo,
899 2345 950 2394 ant
963 2355 1003 2394 cx

63 2415 210 2475 voluntate
233 2416 357 2495 alicujus
379 2416 583 2495 particularius
611 2417 652 2475 sic
677 2415 899 2474 distributiones
920 2415 1004 2474 chori

64 2512 117 2553 uon
133 2507 257 2575 possunt
271 2495 431 2556 condonari
451 2515 512 2555 nou
532 2494 739 2566 residentibus,
760 2513 815 2553 nec
835 2494 912 2552 bona
931 2493 1002 2552 fidei

64 2593 216 2634 commissa
228 2575 360 2646 alienari,
374 2575 445 2635 licet
458 2575 524 2712 quis
534 2575 705 2657 acquisierit
718 2593 820 2634 eorum
831 2571 1002 2631 dominium.

96 2654 148 2712 An
163 2655 258 2713 omnis
272 2664 439 2714 contractus
453 2654 462 2712 i
476 2653 573 2715 licitus
586 2655 674 2714 etiam
685 2664 731 2713 est
745 2652 915 2712 invalidus?

97 2726 141 2792 il.
163 2734 200 2794 R.
223 2733 329 2793 Omnis
342 2743 510 2793 contractus
532 2733 653 2793 illicitus
675 2733 766 2791 ctiam
787 2742 833 2790 cst
846 2728 1001 2799 invalidus,

62 2812 84 2872 si
104 2812 175 2872 ideo
199 2813 240 2871 sit
260 2811 390 2883 illicitus,
410 2813 480 2908 quia
493 2824 539 2873 cst
552 2813 590 2873 da
613 2833 647 2872 ro
669 2812 773 2870 illicita
792 2810 945 2871 faciendas
965 2829 1004 2868 au

59 2893 131 2952 verb
144 2902 176 2951 et
190 2890 338 2972 quomodo
352 2901 446 2970 possit
459 2890 524 2951 ficri
538 2890 662 2962 validus,
682 2911 718 2950 re
729 2890 834 2949 illicita
840 2889 904 2969 jam
914 2889 1002 2958 iacti,

58 2970 129 3030 vido
152 2971 232 3029 dicta
254 2971 346 3030 Num.
370 2973 418 3030 59.
438 2971 505 3031 “do
520 2967 595 3033 Juro
609 2970 804 3042 estimatio?
825 2982 856 3030 ct
878 2967 1003 3030 dicenda

57 3059 74 3088 “
90 3050 130 3110 do
145 3050 307 3110 contractu
321 3049 374 3108 sub
388 3050 557 3110 conditione
571 3049 678 3129 turpi.”

98 3129 245 3208 Alioquin
259 3149 317 3188 non
332 3129 427 3189 omnis
448 3139 615 3190 contractus
629 3129 749 3190 illicitus
763 3148 879 3207 semper
898 3137 944 3187 cst
957 3128 1000 3186 in-

57 3207 185 3279 validus,
205 3228 234 3267 v.
247 3228 278 3286 g.
297 3209 453 3302 promissio
473 3217 525 3268 aut
546 3209 667 3269 donatio
682 3209 826 3288 prodiga:
846 3208 922 3266 ratio
946 3217 1002 3276 cst,

57 3287 140 3366 quod
155 3289 248 3367 possit
262 3304 328 3369 ans
341 3288 488 3349 excedere
506 3289 536 3347 in
550 3287 651 3349 debito
671 3309 726 3348 usu
740 3297 771 3347 et
785 3286 1002 3364 dispensatione

56 3367 189 3438 reisue,
209 3367 279 3426 licet
301 3379 461 3446 propterea
482 3388 543 3431 non
566 3368 691 3431 excudat
711 3366 821 3428 limites
845 3364 1000 3444 potestatis

56 3465 129 3519 aum,
151 3447 181 3505 in
195 3464 257 3507 rem
272 3447 375 3526 ipsam.
