2160 4034
296 177 340 219 na
360 175 443 219 cunr
463 174 505 218 ur
524 175 678 219 susurru.
904 166 962 239 2³¹.

49 301 111 361 gna
134 282 312 359 suscipiatur
335 281 390 341 sub
414 280 483 340 hac·
502 281 690 341 conditione:
721 290 739 320 “
752 283 897 343 Sistemus
923 285 961 343 ad

49 361 545 440 primameffusionemsanguinis.”
953 386 956 391 ·

49 442 149 509 Arma
172 442 272 512 etiam,
301 439 407 518 quihus
421 450 580 519 pugnatur,
601 438 711 498 dehent
731 441 761 499 in
775 439 820 499 his
841 442 964 502 circum·

49 521 129 580 mtiis
153 541 219 580 esse
243 519 395 578 moraliter
418 520 553 591 occisiva,
582 519 680 597 qualia
701 531 770 578 sunt
790 520 963 599 sclopetum‚

49 600 98 670 ris,
112 599 229 669 culter,
262 598 386 677 lapides,
406 599 544 677 graviora
566 597 656 677 ligna,
690 600 741 656 &c
768 600 793 657 si
817 601 888 661 solis
910 601 963 674 fiat

49 679 160 749 cuibus,
181 678 240 737 tale
255 677 416 756 periculum
432 676 552 737 subesse
566 698 625 737 nou
634 678 797 756 judicatur.

49 758 215 832 Quomodo
229 749 374 816 dividitui·
388 757 543 817 duellum?

49 837 94 897 11.
117 839 157 897 R.
179 837 214 895 In
239 837 409 914 simplexcc
424 836 584 906 solemme;
607 837 678 896 item
703 836 733 895 in
757 836 908 914 publicum
931 852 962 899 et

49 917 190 976 cultum?

49 996 194 1056 Solemue
217 1007 271 1065 est,
301 995 331 1052 iu
352 1015 411 1074 quo
424 993 601 1054 adhibentur
616 1009 704 1055 certa
718 999 909 1066 ceremonia,
931 1010 963 1057 ut

49 1075 180 1152 signatio
189 1094 347 1144 armorum,
357 1075 463 1134 electio
474 1075 658 1152 patrinorum
668 1095 719 1133 seu
729 1077 962 1147 secundantium,

49 1155 175 1232 tumptio
189 1155 319 1224 testium,
340 1155 392 1212 &a
435 1153 567 1232 Simplex
581 1165 635 1224 est,
656 1155 736 1234 quod
760 1155 794 1212 fit
808 1156 872 1214 sine
896 1156 961 1215 istis

51 1235 239 1318 rameniis&
680 1303 683 1306 Ι

50 1314 125 1386 Quo
133 1313 204 1391 jure
218 1312 403 1390 prohibitum
417 1322 463 1370 est
477 1311 634 1372 duellum?

49 1393 91 1453 lb
112 1395 190 1454 Jure
204 1392 339 1462 naturali,
354 1391 482 1470 positivo
497 1390 597 1450 divino
612 1402 643 1451 et
656 1390 794 1464 humano,
809 1402 870 1451 tam
883 1393 964 1453 civili

49 1492 102 1530 ‚am
117 1471 336 1531 Ecclesiastico.

56 1552 93 1610 ln
109 1571 168 1630 quo
183 1551 318 1608 consistit
332 1547 444 1608 malitia
458 1548 573 1608 duelli?
892 1616 895 1623 Ι

57 1630 119 1691 ΙΙΙ.
134 1632 173 1690 R.
187 1630 222 1688 ln
237 1650 282 1700 eo,
297 1629 377 1709 quod
392 1640 517 1706 uterque
531 1627 722 1688 duellantium
737 1649 769 1689 se
783 1631 921 1709 conjiciat
935 1633 964 1691 in

49 1710 181 1769 trieulum
202 1709 398 1767 damnationis
421 1720 547 1777 aterna,
575 1709 714 1786 prodigat
734 1709 825 1767 vitam
840 1731 923 1769 suum
936 1725 968 1783 et

49 1791 151 1858 lenam,
173 1809 206 1848 ac
220 1789 337 1866 privati
350 1786 532 1847 authoritate
546 1798 669 1849 conetur
683 1787 836 1849 occidere:
858 1811 965 1867 provo·

49 1890 90 1928 ins
104 1871 226 1946 insuper
239 1887 309 1927 reus
329 1878 376 1926 est
392 1867 492 1944 gravis
504 1866 632 1925 scandali
652 1868 683 1925 iu
703 1880 905 1946 provocatum,
919 1889 970 1949 pa·

48 1949 149 2008 ines&
164 1959 265 2006 testes.

54 2028 105 2086 An
122 2027 251 2087 duellum
267 2045 386 2104 semper
399 2035 445 2084 est
459 2024 593 2084 illicitum
608 2026 622 2085 i

56 2108 113 2168 lv.
135 2108 173 2167 R.
196 2107 337 2165 Duellum
352 2107 468 2183 privata
488 2104 669 2163 authoritate
691 2106 796 2182 quovis
817 2116 965 2184 praetextu

49 2196 197 2265 aceptum,
223 2187 285 2244 sive
310 2185 517 2243 ostentationis
542 2184 658 2254 virium,
683 2183 745 2243 sive
770 2185 890 2244 honoris
914 2197 966 2245 aut

49 2286 101 2325 mae
116 2265 309 2324 defendendae
323 2283 419 2333 causa,
448 2282 565 2341 semper
578 2274 624 2321 est
643 2263 797 2322 illicitum:
818 2265 895 2324 ratio
910 2278 964 2336 est,

49 2346 95 2404 iod
121 2365 175 2423 pro
198 2345 243 2402 his
266 2363 415 2422 uunquam
439 2343 527 2400 liceat
541 2343 685 2401 occidere.
728 2344 903 2422 Susceptum
926 2345 964 2404 ad

49 2425 209 2485 restionem
224 2422 376 2482 obscuram
392 2422 595 2491 dirimendam,
616 2422 663 2480 rel
678 2421 776 2500 adjus
790 2436 842 2483 aut
855 2424 964 2482 verita·

49 2525 73 2563 m
87 2504 295 2581 indagandam,
316 2512 362 2560 est
375 2502 496 2580 insuper
510 2501 681 2579 superstitio
696 2503 743 2560 vel
757 2503 884 2560 tentatio
898 2503 965 2562 Dei.

55 2583 126 2662 Obj.
158 2584 189 2642 Si
203 2584 250 2640 vir
263 2581 369 2640 nobilis
388 2592 439 2639 aut
453 2581 589 2639 militaris
603 2581 733 2640 duellum
747 2601 806 2640 non
821 2593 964 2660 acceptet,

49 2662 172 2722 hebitur
183 2682 238 2740 pro
249 2661 370 2720 infami:
392 2680 474 2738 ergo,
496 2663 547 2719 &a
883 2716 886 2721 .

54 2744 94 2803 R„
108 2744 185 2802 Esto
200 2741 267 2800 talis
278 2740 444 2809 haberetur,
459 2760 517 2799 nou
532 2740 600 2798 ideo
611 2739 715 2799 liceret
728 2739 858 2799 duellum
874 2742 964 2799 susci·

51 2842 93 2891 re,
106 2842 173 2879 cum
184 2820 273 2898 juxta
287 2819 327 2878 N.
345 2821 409 2877 129.
424 2819 559 2876 illicitum
573 2821 612 2877 sit
623 2819 756 2878 occidere
766 2820 907 2898 injustum
920 2821 964 2879 in·

49 2921 150 2962 sorem
164 2900 248 2958 famae
264 2899 309 2958 vel
325 2898 465 2957 honoris:
487 2899 537 2956 sed
552 2909 584 2957 et
597 2919 684 2976 quam
707 2899 836 2958 maxime
855 2898 963 2958 falsum

49 2993 68 3053 t,
92 2982 124 3038 iu
143 2980 328 3039 recusatione
340 2977 431 3036 duelli
445 2978 572 3037 inveniri
589 2978 700 3055 aliquid
716 2979 785 3036 verb
801 2979 963 3038 infamans:

49 3061 92 3121 ,de
106 3069 275 3118 statuerunt
292 3057 444 3134 Principes
459 3058 552 3116 nostri
563 3077 640 3116 anno
655 3059 739 3115 1610.
752 3060 791 3115 27
806 3056 963 3117 Februarii

57 3140 139 3199 hune
152 3139 271 3196 modum
284 3148 339 3194 art.
354 3141 381 3194 4.
403 3137 580 3209 “Quoniam
597 3136 737 3214 pleraque
752 3137 850 3197 duella
864 3151 962 3196 ortum

49 3220 157 3279 habent
171 3238 210 3276 ex
223 3217 298 3275 l'alsa
316 3216 465 3294 opinione,
490 3216 572 3293 quasi
587 3216 736 3292 degenere
750 3217 857 3276 timore
872 3217 964 3294 impe-

49 3299 176 3363 diantur,
205 3299 255 3374 qui
271 3315 425 3353 munusue
440 3293 563 3372 injurias
576 3306 628 3353 aut
641 3297 774 3354 convicia
788 3317 845 3354 uon
868 3295 962 3353 vindi-

49 3388 133 3437 cant:
155 3377 306 3435 declarant
318 3374 472 3450 Principes
486 3373 588 3432 falsam
613 3395 677 3434 esse
692 3395 756 3434 eam
777 3375 963 3452 opinionem:

49 3458 189 3516 honorem
205 3456 326 3533 injurias
338 3473 490 3533 passorum
505 3455 559 3512 sub
573 3474 655 3512 suam
665 3455 879 3531 protectionem
891 3456 966 3525 reci·

49 3537 141 3614 piuut,
157 3545 187 3593 et
198 3555 235 3593 ne
249 3534 314 3614 quis
326 3532 498 3610 exprobret,
513 3533 567 3591 sub
579 3553 639 3592 sure
653 3531 863 3610 indignationis
878 3543 909 3588 et
919 3552 966 3609 ar.-

49 3616 172 3675 bitraria
185 3634 271 3692 poeua
283 3612 410 3673 vetant.'’
452 3612 537 3673 ldem
546 3623 719 3673 renovatum
732 3621 777 3670 est
790 3631 867 3670 auno
881 3612 963 3670 1660.
991 3602 1001 3637 ³

49 3704 53 3746 t
74 3695 217 3773 Augusti,
240 3706 296 3753 art.
310 3695 338 3752 5.

97 3792 169 3833 von.
184 3791 222 3832 11.
501 3791 520 3830 u
