2160 4034
263 144 317 191 mu
337 142 575 185 conspecturus
594 141 630 185 ut
650 141 769 184 ersom.
934 121 993 183 389

49 261 107 304 uon
132 244 174 305 sit
196 263 287 323 greve
310 244 465 304 censuario
489 243 612 303 eundern
630 255 779 304 monetam
793 243 928 315 reddere,
948 244 998 304 rel

49 323 130 383 istud
155 343 229 383 onus
252 322 310 382 olio
334 325 424 382 modo
447 320 662 400 oompensetur,
684 326 731 381 20.
765 322 797 383 si
821 323 997 382 oensuelistu

49 403 201 463 intuisset
224 422 292 461 sues
315 403 455 480 peeunies
477 421 596 460 sensere
621 421 713 480 usque
735 403 772 460 ed
792 415 909 480 tempus
922 420 995 481 nug·

49 483 152 552 menti,
173 482 250 540 &ud
264 482 434 540 instantium
449 481 594 538 censuarii
608 479 673 538 ilius
686 481 773 541 eitids
786 482 904 541 alienet.

84 561 218 621 Isioitum
241 572 288 620 est
311 559 474 618 oontre'otui
492 578 641 637 opponere
659 560 829 630 olesrsulnm,
848 570 892 631 ut,
912 569 995 620 unte·

49 657 139 717 quem
158 640 197 699 sit
210 639 386 716 redemptio,
407 640 727 707 teneutnroensuerius
740 639 839 698 medio
852 659 929 699 euno
943 648 996 699 eut

49 718 192 778 trimestri
203 728 324 778 monere
332 719 521 787 eensuistem,
533 730 566 776 ut
574 718 630 776 sibi
641 718 799 797 providere
809 719 904 797 possit
913 737 996 778 onon-

49 798 163 858 siouem
177 798 315 876 peounies
329 817 396 856 suns
410 796 479 856 olibi
494 797 669 875 applicandi.

86 876 122 938 si
145 897 250 936 census
274 876 437 937 redimetur
460 896 538 935 enno
557 877 687 936 nondum
701 877 812 955 elapso,
833 897 891 936 non
906 875 996 937 debet

51 955 127 1016 solvi
151 967 216 1016 tote
237 956 340 1035 pensio
357 976 454 1015 annun
471 957 526 1014 uisi
541 956 578 1015 ed
593 966 686 1015 retem
701 956 854 1035 temporis,
874 966 996 1036 prseter-

51 1055 137 1119 quem
153 1037 180 1095 si
193 1037 279 1095 aliter
292 1034 328 1095 eb
342 1036 428 1094 initio
441 1046 619 1095 conventum
632 1046 720 1096 esset.

86 1115 177 1175 hicet
191 1135 294 1175 tensus
307 1117 414 1194 passim
429 1115 535 1174 redimi
549 1115 657 1174 debeat
670 1117 699 1174 in
715 1115 818 1175 eodem
832 1115 943 1187 valore,
964 1114 996 1173 in

49 1213 107 1273 quo
132 1195 310 1254 constitutus
332 1195 399 1264 fnit,
420 1195 477 1253 etsi
495 1195 579 1254 relos
592 1196 724 1273 pecunie
737 1195 852 1254 intereo
866 1193 994 1254 ereverit

49 1272 95 1332 sel
120 1273 305 1344 decreverit,
330 1275 409 1333 oiroe
429 1273 648 1368 antiquissimos
667 1286 764 1333 temen
780 1274 902 1354 reditus,
924 1272 995 1332 dum

49 1354 175 1433 pecunie
194 1366 260 1414 erut
274 1351 364 1413 uelde
376 1373 452 1425 rure,
472 1353 562 1413 uhter
575 1363 742 1414 statuerunt
757 1353 910 1433 Principes
924 1351 995 1412 Bel·

67 1432 90 1490 ii
105 1451 185 1493 enno
204 1436 288 1493 test.
411 1462 413 1467 ·

49 1451 66 1512 g
84 1511 124 1572 ln
139 1512 248 1592 Belgio
262 1513 352 1572 etiem
365 1512 593 1573 eonsuetudines
607 1512 726 1583 hubent,
746 1522 780 1571 ut
798 1531 902 1571 oeneus
916 1508 994 1570 redi·

49 1590 86 1650 mi
106 1611 168 1651 non
190 1593 285 1670 possit
305 1612 360 1671 per
377 1602 486 1671 portes,
507 1593 564 1651 nisi
578 1592 633 1652 heo
646 1612 735 1672 super
747 1611 781 1651 re
795 1591 826 1649 in
839 1600 993 1651 eontruotu

49 1668 126 1730 trote
137 1672 229 1731 fuerit
243 1673 378 1749 specialis
392 1672 555 1750 stipulatio.

85 1751 138 1810 Au
153 1753 322 1811 consuetius
340 1763 439 1831 potest
453 1771 515 1813 rem
529 1752 630 1812 censui
644 1750 805 1830 subjeetum
819 1750 974 1813 alienare?

86 1830 208 1892 1·11.R.
231 1832 344 1903 Potest,
364 1832 420 1891 uisi
443 1833 622 1891 eontrarium
645 1844 764 1912 paetum
783 1833 866 1909 juste
885 1831 924 1890 sit
938 1828 993 1890 ini·

49 1919 128 1969 tum:
160 1908 249 1969 debet
267 1920 364 1968 temen
384 1910 554 1969 censuarios
568 1911 606 1970 de
619 1930 656 1970 eo
671 1928 792 1972 monere
805 1912 993 1986 censuistem,

49 1987 289 2072 quondoquidem·
311 1989 435 2050 multum
453 1989 518 2068 ejus
532 1991 650 2050 intersit
663 2012 785 2054 nosoere
798 2012 955 2071 personum
969 1999 996 2057 de

49 2068 225 2149 puniitntem'¹
245 2066 328 2148 ejus,
350 2089 368 2128 e
391 2089 450 2150 que
472 2068 588 2130 deberet«
602 2072 775 2150 pensionem
797 2073 940 2153 resipere,
967 2074 993 2133 ds

49 2148 143 2227 possit
157 2148 215 2209 sibi
229 2149 390 2211 consulere.

121 2386 183 2447 No.
202 2389 251 2446 61.
291 2388 352 2448 DE
372 2385 682 2448 EXTINOTIONE
702 2387 919 2449 CENSUUM.

49 2545 74 2605 Ι.
97 2544 207 2605 Omns
228 2546 376 2624 tripliciter
396 2548 579 2619 monendus.
620 2545 663 2605 11.
682 2545 751 2606 Non
768 2547 993 2625 prescribantur

86 2644 185 2684 oeneus
207 2626 393 2694 dominicales,
436 2625 495 2682 111.
515 2624 583 2683 Nisi
602 2627 699 2702 quood
719 2646 846 2698 oenones,
887 2625 990 2704 lvxi·

77 2703 227 2783 smmum
271 2705 309 2767 V.
328 2703 464 2782 Emptitt'i
476 2704 595 2764 maulim
601 2705 833 2783 preostenso.

87 2861 214 2936 QUOT
227 2861 322 2920 modis
335 2880 439 2922 oensus
453 2861 677 2939 exstinguitur?

91 2942 116 3000 Ι.
144 2940 183 3001 R.
215 2941 324 3001 Tribus
346 2941 451 3010 modis,
475 2939 587 3000 scilieet
613 2939 658 3001 1⁰2
687 2941 869 3001 extiuotione
892 2943 992 3004 totnlis

49 3019 222 3099 hypotheoae
243 3022 333 3100 juxte
354 3021 466 3079 dietum
490 3019 530 3078 N.
552 3022 600 3078 55.
640 3023 689 3080 20.
709 3021 993 3100 Praesoriptioue,&

49 3100 98 3159 3⁹.
118 3100 323 3175 redemptione
336 3119 389 3159 seu
402 3099 551 3160 refusione
565 3118 686 3159 summm
700 3100 842 3178 ospitalis.
917 3122 920 3128 ’

92 3179 135 3238 11.
156 3179 205 3236 An
221 3199 322 3237 omnes
336 3198 439 3237 sensus
454 3178 603 3256 preeeeribi
617 3181 762 3257 possunt?

88 3257 128 3318 R.
148 3257 314 3336 Negativez
333 3277 400 3315 nem
415 3256 563 3336 preesoribi
578 3277 635 3316 non
651 3269 775 3336 possunt
784 3278 888 3319 oeneus
899 3257 992 3317 domi-

49 3335 168 3406 uieeles,
183 3338 224 3395 sie
235 3336 431 3396 statuentibus
445 3336 569 3415 legibus.
602 3337 760 3396 Rationem
775 3339 873 3397 reddit
888 3337 993 3399 Stouk-

49 3434 135 3475 mens
154 3415 302 3475 decisione
320 3419 377 3474 80:
399 3416 468 3493 quie
482 3417 531 3494 qni
546 3415 635 3474 telem
649 3436 766 3475 censum
782 3416 878 3487 solvit,
900 3417 994 3496 hypo·

49 3494 168 3554 theoem
192 3515 250 3554 non
279 3508 338 3553 tem
364 3495 419 3553 sibi
446 3494 579 3572 possidet
602 3494 686 3635 pedm
710 3496 865 3555 dumtexet
889 3495 998 3556 hebeat

49 3571 214 3633 dominium
238 3575 328 3655 utile)
352 3574 439 3654 quim
460 3573 590 3634 Domino
625 3576 726 3634 ireoto.
767 3575 915 3655 Exceptio
929 3575 1000 3647 erit,
