2160 4034
99 179 137 236 62
473 191 660 235 rnncnerus
771 220 775 225 .

140 300 273 359 Tenetur
288 307 414 376 utroque
427 298 525 368 titulo,
537 300 588 378 qui
602 299 692 359 habet
704 317 768 358 rem
781 301 902 360 alterius
916 300 947 358 in
958 284 1076 373 setttll¹

96 382 125 437 in
135 379 324 457 equivalenti
333 398 398 436 cum
409 378 527 437 formali
538 380 631 457 ipsius
640 378 756 457 injuria,
768 390 801 437 ut
812 381 836 438 si
850 400 913 438 rem
923 370 1076 438 alterius·

99 479 138 517 ex
155 459 237 516 furto
251 457 367 527 lrabeat,
392 457 438 516 vel
454 459 573 535 quidem
587 458 668 517 illam
682 460 745 516 sine
766 459 874 537 injuria
887 454 1076 537 acceperint¹

99 537 151 596 sed
178 538 269 595 sitin
296 557 378 595 mora
398 536 536 615 culpabili
558 538 772 597 restitutionis:
786 549 879 614 petet,
900 538 984 616 qudd
998 530 1055 597 idi

99 616 158 674 duo
169 616 248 674 tituli
257 637 289 676 se
297 616 426 674 habeant
434 616 471 676 ud
481 617 616 687 invicem,
626 627 660 675 ut
670 612 1031 686 excedenteutrexceeti.
1063 616 1076 670 l

137 696 265 769 Quidam
279 695 434 755 Anthones
448 707 557 772 praeter
570 697 626 755 hoc
639 696 723 766 duos,
737 695 833 754 adhuc
846 697 920 754 alios
939 692 1075 760 cicutae!

98 775 238 853 allegant,
252 776 365 835 scilicet
377 776 493 834 ratione
507 775 686 846 contractius,
700 787 752 834 aut
766 756 1076 854 quasi-contractus*

97 854 368 932 sententieejudicis
377 865 429 912 aut
437 855 513 932 legis
524 856 673 934 positivum
688 855 740 913 sed
749 855 794 913 rel
806 855 908 914 reduci
920 848 1076 932 possunt·ml

95 935 133 993 ad
144 934 218 993 duos
229 935 403 1011 assignatos,
417 933 463 992 vel
475 934 574 1011 potiris
589 954 627 993 ex
642 935 712 1010 ipsis
725 934 855 992 nascitur
868 933 981 994 solutio
994 928 1073 1012 aut!-

98 1013 271 1082 satislaetio‚
292 1015 379 1093 quiam
397 1013 549 1072 restitutio
566 1014 668 1072 stricte
683 1013 771 1072 dicta
1035 1006 1076 1087 'll'

137 1093 281 1166 Quaenam
294 1094 373 1152 inter
386 1092 525 1171 prefatos
539 1093 614 1152 duos
628 1093 731 1151 titulos
739 1103 785 1152 est
798 1093 992 1153 differentia?
1040 1090 1063 1165 Ῥ

102 1242 105 1248 ¹
136 1172 192 1232 lv.
214 1173 252 1231 It.
274 1172 384 1241 Prima,
406 1171 485 1252 qudd
499 1171 604 1231 titulus
618 1172 661 1230 rei
675 1183 803 1251 accepta
817 1182 966 1250 supponat
980 1168 1073 1233 rum-dl

95 1252 225 1311 existere
247 1252 277 1308 in
302 1271 333 1309 se
361 1251 408 1309 vel
432 1252 460 1308 in
489 1250 695 1330 aequivulenti;
719 1272 777 1310 non
805 1252 910 1311 titulus
923 1249 1076 1330 injuste?

95 1330 274 1409 acceptionis
284 1354 293 1399 ;
305 1329 374 1389 hinc
387 1350 420 1388 re
435 1330 535 1389 taliter
549 1340 700 1409 pereunte,
716 1341 748 1388 ut
757 1331 913 1411 nequidem
930 1320 1076 1403 existit?

96 1411 126 1468 in
137 1409 335 1488 aequivalenti,
346 1411 425 1487 perit
434 1409 567 1468 totaliter
582 1410 685 1468 titulus
699 1410 744 1467 rei
753 1421 898 1486 acceptae:
927 1411 978 1468 ubi
992 1406 1076 1489 qffl'

95 1499 215 1548 tenetur
225 1487 823 1567 tituloinjustaeacceptionis,obligaturad
833 1489 1076 1565 omniudamnajf·

97 1568 187 1639 illata,
203 1569 259 1627 etsi
270 1587 318 1625 res
329 1587 393 1644 ques
405 1566 577 1635 debebatur,
591 1568 655 1625 sine
669 1567 728 1625 ulla
739 1588 791 1626 sua
802 1568 1041 1646 cnlpaperiisset.
1049 1571 1076 1612 Ι

136 1647 280 1716 Secunda,
302 1646 381 1724 qudd
394 1645 499 1705 titulus
518 1645 636 1724 injustae
649 1647 827 1723 acceptionis
840 1648 1042 1725 praesupponit
1051 1642 1076 1729 l!

95 1726 234 1806 injuriam
240 1729 421 1794 lectammon
431 1725 502 1784 item
508 1725 612 1784 titulus
625 1725 667 1783 rei
674 1726 1041 1806 acceptoe,quirespicitin·
1052 1720 1076 1771 fl

89 1808 200 1882 jurium
215 1805 287 1864 alias
298 1804 471 1863 faciendam.
487 1805 600 1887 Tertia²
610 1804 688 1881 qudd
698 1825 835 1863 mensura
843 1804 1076 1883 restitutionis?

94 1885 229 1945 extitulo
243 1885 287 1942 rei
301 1895 428 1961 acceptu
441 1898 487 1941 est
496 1885 644 1964 quantitas
657 1887 702 1942 rei
723 1884 826 1943 alienae
836 1884 932 1943 adhuc
951 1885 1044 1945 exist·
1055 1893 1076 1933 Ι

94 1967 171 2024 entis
185 1965 215 2022 in
231 1984 262 2022 se
276 1962 323 2021 vel
335 1963 364 2020 in
378 1962 585 2040 equivalenti:
599 1962 651 2022 sed
662 1983 700 2022 ex
710 1963 799 2022 titulo
813 1964 930 2042 injusta
941 1976 1064 2044 accep-¹

94 2043 185 2102 tionis
200 2062 336 2101 mensura
353 2042 551 2100 restitutionis
565 2051 613 2100 est
624 2042 772 2122 quantitas
787 2043 884 2101 damni
897 2043 982 2103 illati.
1043 2062 1046 2067 ·
1073 2065 1076 2069 ·

134 2124 256 2182 cetere
268 2121 453 2189 differentiae,
468 2120 564 2200 quoad
579 2127 724 2198 expensas
735 2121 836 2193 fectus,
857 2122 973 2183 fructus
985 2124 1044 2198 rei,
1059 2137 1063 2145 '

95 2204 146 2262 tc.
159 2201 259 2279 colligi
275 2209 415 2278 poterunt
426 2219 464 2260 ex
475 2200 675 2279 sequentibus.
1060 2218 1076 2254 r

1061 2298 1076 2335 n

94 2405 133 2464 N.
155 2406 202 2464 tl.
243 2405 303 2463 DE
323 2400 574 2474 REQUISITIS
596 2403 657 2460 AD
680 2402 1041 2464 TITULUMINJUS·
1071 2392 1076 2481 ]

368 2481 438 2543 ΤΕ
460 2481 762 2542 ACCEPTIONIS.
1068 2484 1076 2498 ⁴

98 2644 121 2703 Ι.
146 2644 260 2703 Titulus
272 2644 385 2720 injuste
403 2644 569 2722 acceptionis
580 2642 715 2720 supponit
732 2640 844 2719 cupium
858 2640 1041 2714 &damnum
1064 2622 1076 2664 ¹

132 2725 199 2782 iude
211 2724 308 2800 aliquo
329 2723 409 2780 modo
427 2734 558 2782 secutum.
601 2722 643 2780 ll.
669 2720 762 2780 Titius
774 2721 875 2780 occidit
886 2720 1040 2791 Jvnnncm,
1059 2702 1076 2824 2

125 2805 287 2896 praecidens
313 2801 492 2896 homicidium
516 2803 712 2880 imputandum
735 2801 832 2859 Petro·
883 2798 943 2858 Ill.
965 2798 1040 2894 Solq
1057 2848 1076 2907 ,Ἰ

131 2891 323 2980 ιιπίρηειὶοιηοπ
340 2882 420 2975 fucit
437 2892 572 2960 repostum
592 2891 737 2973 recuruum
756 2890 858 2939 ucttcm.
900 2878 955 2937 lV.
981 2879 1040 2975 Qm
1073 2950 1076 2983 Ι

132 2942 1071 3119 rittuottuuuuuuuttiltutot

129 3061 434 3198 Zeisodisprecidue,
448 3082 497 3196 dic.
1058 3087 1076 3225 ἓ

131 3238 335 3314 QUAENAM
349 3241 550 3316 requiruntur,
573 3247 606 3295 ut
617 3238 683 3315 quis
697 3235 785 3295 titulo
800 3237 917 3314 iujustae
933 3254 1036 3314 accep·
1059 3244 1076 3310 'rt

90 3320 180 3380 tionis
201 3317 357 3376 contrahat
370 3318 580 3394 obligationem
596 3316 816 3375 restitutionis?
1059 3341 1076 3385 ι

129 3400 155 3458 1.
175 3399 214 3458 R.
244 3397 416 3458 Generatim
440 3398 603 3474 requiritur
630 3395 718 3474 culpa
745 3397 770 3452 dr
798 3395 937 3453 damnum
964 3393 1046 3455 inde·
1061 3420 1076 3465 ι.

89 3488 239 3539 secutum..
272 3478 320 3535 De
335 3477 533 3554 culpaugitur
547 3475 638 3533 Num.
652 3475 796 3555 sequenti.
1039 3501 1076 3545 q

129 3557 212 3631 Quid
226 3555 404 3632 intelligitur
414 3556 533 3613 nomine
544 3554 666 3614 damni?
1062 3579 1076 3624 ι

109 3624 278 3711 ‘Quaelibet
295 3632 405 3713 injusta
427 3634 508 3693 loesio
521 3644 574 3692 aut
595 3644 802 3694 nocumentum
818 3633 955 3712 proximo
970 3632 1034 3692 ills·
1063 3645 1076 3704 ι’,

87 3729 158 3789 tum,
182 3715 245 3774 sive
258 3734 312 3794 per
325 3724 424 3792 actum
444 3714 626 3786 interiorem,
645 3725 678 3774 ut
686 3713 891 3792 perjudicium
904 3724 1032 3772 temera·
1065 3738 1074 3789 q
