2160 4034
470 36 480 67 k

243 168 250 223 '.
272 180 314 222 nn
332 179 413 223 suun
434 180 477 223 nr
496 179 652 223 rosrrru.
881 162 937 220 188

49 363 111 423 104.
147 361 328 438 QUIDAM
349 361 485 421 cASUS
508 361 636 421 cutus
661 360 936 424 Ruvnunnlo-

245 440 345 501 NEM
366 440 681 502 OCCULTORUM.

41 560 244 621 ὒθΙιιζςέοήοίε.
281 560 323 620 ΙΙ.
342 559 684 621 Deorimineoblitcrato.
724 560 784 621 ΙΙΙ.
803 562 938 625 Dereoe·

41 643 131 701 ctione
143 642 230 698 causti
247 639 366 710 consilii,
409 639 466 700 lv.
494 640 543 698 Vei
561 639 666 698 solatii.
707 641 747 702 V.
766 640 815 701 De
834 646 938 705 nereio·

41 722 100 779 ione
126 723 199 778 inter
218 719 358 796 conjunct.
398 717 457 779 Vl.
476 718 649 778 Detrahitur
674 720 821 796 defunctis.
861 724 937 785 VII.

41 799 98 858 bnt
113 819 172 858 non
189 798 362 858 nominando
375 818 537 878 personam.
579 798 669 859 V111.
689 799 760 858 Item
773 802 860 860 simui
870 822 939 862 nor·

41 879 331 1018 αηῖῧαραπὶιεητὲαηι.
366 877 425 936 ΙΧ.
451 878 532 950 Quid
542 879 577 936 de
589 880 770 955 inquisitione
780 882 811 938 in
820 881 939 960 offertur

41 960 85 1016 'rm
137 960 237 1017 nuum.

41 1080 90 1139 [Ν
103 1080 175 1139 iicet
191 1078 352 1138 Historicis
372 1078 410 1137 ob
431 1078 565 1140 historin
578 1078 782 1159 integritatem
798 1081 925 1162 qneeiibe

41 1161 162 1218 ‚mentia
176 1160 294 1236 scriptis
309 1159 472 1218 mundare?

41 1281 49 1297 .
73 1239 113 1299 R.
135 1239 204 1298 Non
219 1249 266 1296 est
280 1238 411 1304 dubium,
433 1239 504 1315 quin
518 1237 607 1296 licent
621 1239 658 1298 de
673 1238 719 1310 iis,
741 1258 805 1320 quae
821 1237 939 1317 publicu

41 1329 126 1396 tper
139 1318 317 1377 sententium
332 1317 447 1394 publice
460 1319 566 1376 lutam:
590 1318 643 1376 sed
662 1336 727 1397 quet
742 1318 856 1377 occultu
871 1329 940 1378 sunt

60 1408 180 1457 tuntum
207 1417 260 1475 per
286 1395 426 1473 injuriam
454 1397 611 1475 publicetur,
632 1397 684 1456 illu
707 1396 817 1476 injuste
841 1398 877 1457 ab
902 1400 939 1458 iis

45 1488 99 1554 pto
115 1477 302 1536 mandantur.

41 1559 117 1617 tirou
130 1558 246 1634 relique
260 1555 377 1633 publicu
393 1555 546 1614 Authores
567 1557 762 1621 communiter
778 1557 940 1617 Historicis

41 1637 100 1715 inid
114 1636 181 1715 plus
196 1635 360 1694 concedunt
375 1634 412 1693 ob
427 1635 558 1693 bistoniae
572 1635 786 1713 integritatem,
806 1641 832 1695 dr
845 1636 884 1695 ad
897 1638 941 1694 in-

41 1717 183 1776 tutionem
199 1736 233 1773 uc
246 1725 392 1773 terrorem
406 1715 548 1783 eliorum3
568 1716 697 1774 maxime
712 1735 778 1774 cum
793 1715 852 1786 ilic,
874 1736 940 1798 quoe

41 1796 132 1866 ibunt,
154 1795 239 1874 quasi
253 1795 283 1852 in
298 1803 458 1873 conspectu
476 1794 557 1854 orbis
570 1803 718 1857 terrerum
732 1794 849 1875 publici
863 1795 942 1857 factu

41 1956 82 2015 bn
106 1964 152 2014 est
175 1963 280 2013 contre
298 1952 448 2032 justitium
469 1973 591 2013 uerrere
609 1952 817 2025 nescientibus,
842 1954 891 2014 vel
911 1956 943 2015 in

41 2035 166 2094 moriem
181 2034 323 2094 reducere
337 2034 457 2105 crimen,
479 2033 558 2114 quod
577 2032 697 2113 quidem
711 2032 769 2093 fuit
782 2030 942 2112 publicum,

50 2114 116 2192 jum
133 2113 282 2173 oblivione
297 2113 428 2171 deletum
443 2116 511 2173 est?

41 2194 71 2253 1.
86 2195 125 2255 R„
142 2195 211 2252 Hoc
223 2203 258 2250 ut
271 2192 432 2271 plurimdm
446 2203 492 2252 est
503 2203 605 2251 contra
614 2192 799 2264 charitatem,
814 2195 941 2253 &etium

42 2283 93 2332 tra
101 2274 262 2352 jiutitiem,
277 2272 333 2330 nisi
349 2273 439 2330 fuerit
450 2274 600 2350 publicum
615 2293 669 2350 per
679 2266 856 2332 sententium
868 2273 943 2352 pub·

41 2373 92 2413 ‚me
115 2353 196 2431 quod
210 2353 236 2409 si
249 2353 278 2408 in
294 2370 363 2409 cusu
377 2353 531 2410 sententies
546 2352 669 2429 publicio
684 2352 871 2412 defectuosus
877 2354 942 2428 jem

42 2433 163 2492 uieierit
184 2433 291 2490 bonnm
312 2431 431 2500 fumum,
456 2431 599 2490 revelatio
622 2432 712 2491 etiam
739 2433 852 2510 poterit
876 2451 942 2491 esse

41 2523 94 2572 stre
113 2512 272 2590 justitium,
297 2512 322 2566 si
344 2510 532 2570 audientibus
554 2511 642 2570 detur
656 2514 771 2571 occasio
787 2509 942 2591 judicandi

41 2612 57 2650 n
71 2593 170 2652 adbuc
184 2611 249 2651 esse
264 2589 478 2648 defectuosum.

41 2671 81 2731 bu
95 2671 168 2731 licet
182 2671 330 2730 occultum
344 2670 478 2729 revelare
491 2669 529 2729 ad
549 2669 710 2749 petendum
725 2669 880 2730 consilium
895 2671 942 2730 vel

41 2751 159 2811 tilium?

41 2830 92 2890 [ΙΙ.
115 2832 153 2890 R.
175 2828 372 2898 Affirmative,
392 2829 416 2886 ni
438 2847 485 2886 res
500 2829 624 2888 nitentis
639 2827 787 2897 notabilis,
809 2829 944 2887 &consi-

41 2931 61 2970 n
75 2911 126 2971 rel
140 2910 284 2968 auxilium
306 2910 345 2967 sit
364 2908 578 2966 necessarium:
599 2928 658 2966 non
673 2908 743 2966 licet
756 2917 855 2967 tamen
877 2908 942 2986 plus

41 3010 79 3049 rm
100 2991 262 3048 necessitas
289 2987 431 3067 postulet,
458 2987 598 3056 curando,
625 2997 660 3046 ut
683 2997 822 3066 parcetur
845 2988 942 3058 sumre,

41 3080 137 3128 tntum
165 3069 230 3126 fieri
260 3077 367 3145 potest,
400 3087 426 3124 v.
448 3086 477 3142 g.
505 3066 634 3144 petendo
664 3065 819 3126 consilium
840 3067 877 3126 eb
899 3068 943 3135 iis,

43 3150 100 3209 bus
114 3168 241 3225 persona
256 3146 425 3205 infamanda
439 3156 557 3203 moneat
571 3147 682 3223 ignota.

41 3230 84 3286 dn
99 3228 178 3287 idem
193 3227 264 3286 licet
277 3226 411 3285 revelare
425 3227 519 3283 arnico
534 3225 631 3284 solatii
646 3225 766 3303 gretii?

41 3308 91 3373 iV,
113 3309 152 3366 R.
174 3308 303 3367 Videtur
318 3306 502 3382 negandum
523 3305 593 3382 quin
613 3305 719 3364 bonum
736 3304 945 3363 consolationis

41 3406 131 3445 nense
155 3406 314 3466 nunquam,
346 3384 393 3442 vei
421 3387 498 3453 rard,
527 3394 572 3442 est
596 3384 655 3443 tale
684 3385 730 3442 vel
758 3393 883 3450 tantum,
904 3385 945 3440 ait

41 3475 149 3545 eyaert,
164 3476 197 3524 ut
209 3467 275 3524 ideo
287 3465 440 3542 proximus
450 3464 598 3541 jucturam
609 3464 694 3522 samoe
709 3462 807 3521 subire
822 3459 947 3521 debent:

41 3546 117 3605 inde
138 3546 218 3604 istud
241 3544 349 3603 bonurn
370 3543 428 3602 aliie
441 3546 490 3600 via
508 3544 605 3621 aptius
627 3542 754 3601 obtineri
774 3550 874 3620 potest
894 3560 949 3619 per
969 3588 975 3611 ,

41 3636 139 3685 tutem
162 3624 359 3695 fortitudinis,
384 3623 582 3700 confugiendo
600 3623 639 3683 ed
659 3623 766 3694 Deum,
789 3620 882 3696 “Qui
903 3638 939 3699 eq

79 3723 151 3764 von.
166 3721 200 3763 11.
481 3719 501 3769 e
928 3710 939 3725 '¹
