2182 4036
129 144 165 203 15
486 158 674 201 raacrsrus

155 270 158 275 ⁵
204 319 246 378 Ν.
261 270 316 378 ¹11.
357 273 417 379 nu
439 318 638 381 nnumin
661 317 1015 384 assrcrosoaun.

124 477 152 571 Ι.
170 478 311 573 dielipiosi
323 479 478 574 solemniter
493 479 616 573 professi
631 482 666 574 ‘ia
687 484 836 549 communi,
878 482 920 541 ΙΙ.
941 482 1005 542 Sed
1015 504 1063 543 nor

163 558 903 716 {nt'‘tt'?”alt⁶t{tf'tttttalt,ill
922 564 1063 716 ididia

162 718 335 784 sentiendum
357 719 391 775 de
407 717 520 800 maulia
540 717 756 793 Relipinscrum.
796 683 852 780 ill.
875 683 1027 780 undana
1040 724 1063 780 ir

163 798 234 874 ipsis
245 798 356 854 ematur
365 797 538 875 incapacitas
547 797 674 857 dominii.

162 917 227 976 AN
240 925 266 977 dr
279 919 366 996 quale
380 918 541 976 dominium
557 916 666 976 habent
681 918 853 997 Religiosi?

163 997 188 1055 Ι.
209 998 248 1058 R.
269 1001 317 1056 10.
338 997 494 1075 Religiosi,
506 999 594 1056 etiarn
606 999 779 1057 solemniter
788 999 924 1077 professi,
948 999 978 1056 in
990 1016 1063 1059 ccm-

120 1076 214 1147 muni,
229 1097 281 1136 seu
296 1077 360 1155 ipsa
373 1078 568 1136 communitas
583 1078 803 1154 Religiosorum
814 1097 906 1155 capax
917 1089 963 1136 est
974 1079 1063 1137 domi·

122 1157 164 1213 nii
184 1176 284 1215 rerum
299 1156 517 1234 temporalium,
545 1159 677 1233 exceptis
699 1157 886 1215 Franciscani
903 1158 1063 1218 strictioris

114 1234 340 1306 ,Observantim
362 1246 396 1295 ut
416 1245 531 1295 constat
555 1256 594 1295 ex
609 1235 692 1295 Trid.
708 1234 786 1294 Sess.
800 1237 847 1294 25.
873 1255 936 1315 cap.
950 1239 979 1294 3.
999 1246 1018 1275 “
1031 1238 1063 1297 de

123 1323 141 1351 “
157 1315 382 1393 Regularibus.”

163 1392 207 1455 ΙΙ.
228 1397 275 1452 20.
297 1394 442 1472 Religiosi
458 1393 630 1460 solemniter
643 1393 770 1470 professi
779 1394 808 1450 in
817 1394 989 1470 particulari
1000 1406 1063 1454 sunt

121 1474 276 1551 incapaces
291 1474 414 1531 dominii
428 1473 648 1551 cujuscumque,
663 1473 857 1543 ususfructds,
872 1476 1063 1551 possessionis

122 1552 286 1631 &cujusvis
295 1551 382 1630 juris,
397 1552 477 1630 quod
488 1551 601 1610 inducit
614 1553 826 1629 proprietatem
842 1553 886 1610 rei
895 1555 1063 1631 temporalis

120 1634 185 1691 sive
195 1631 312 1691 mobilis
327 1633 389 1690 siue
403 1631 571 1700 immobilis,
582 1641 616 1689 ut
626 1641 787 1690 constater<
798 1632 927 1708 capitulo
939 1632 1063 1692 Cornan

120 1728 327 1785 monasrrara
350 1721 369 1750 ‘⁸
381 1711 418 1771 de
432 1721 512 1770 statu
526 1710 742 1770 Menaenorum
753 1711 777 1768 :’'
797 1716 823 1768 dl
837 1711 973 1771 Trident.
989 1714 1063 1773 Sese

122 1795 171 1850 25.
191 1802 211 1830 “
220 1791 257 1850 de
273 1791 499 1869 Regularibus,”
513 1809 576 1868 cap.
590 1792 618 1847 2.

162 1871 284 1930 Dictum
300 1880 345 1928 est
358 1879 377 1907 “
388 1869 561 1928 solemniter
571 1868 697 1946 professi
708 1869 734 1936 ;¹'
748 1870 817 1946 qnia
828 1869 985 1949 Religiosi,
999 1892 1028 1931 v.
1038 1893 1063 1951 g.

122 1968 286 2027 suppressae
302 1948 459 2007 Societatis
472 1949 556 2019 Jesu,
584 1948 635 2026 qui
658 1948 818 2007 emiserant
833 1952 902 2008 vota
922 1951 1063 2028 simplicia

120 2039 190 2108 post
201 2027 350 2086 biennium
359 2027 551 2105 probationis,
563 2026 724 2085 dominium
737 2031 765 2084 in
776 2027 947 2105 particulari
957 2029 1063 2090 habere

120 2117 271 2188 poterant,¹
280 2117 312 2164 ut
327 2116 442 2166 constat
450 2127 489 2165 ex
499 2105 588 2165 Bulla
599 2106 739 2184 Gregorii
751 2107 1063 2168 XIII-Ascnnnnnrs

119 2204 246 2246 nummo
258 2208 266 2245 t
288 2184 447 2264 peccabant
460 2197 569 2256 tamen,
584 2185 652 2245 dum
665 2185 719 2244 sibi
730 2185 912 2264 usurpabant
924 2206 1011 2247 usum
1022 2191 1063 2249 rei

81 2287 84 2294 *
123 2287 182 2326 suae
197 2267 260 2324 siae
277 2266 444 2344 Superioris
459 2285 603 2325 consensu
616 2266 707 2324 tacito
721 2277 772 2324 aut
782 2286 934 2342 expresso.

161 2345 317 2423 Religiosi,
345 2346 434 2403 etiam
450 2343 621 2403 solemniter
641 2343 777 2420 professi,
805 2363 926 2422 capaces
951 2358 1021 2406 sunt
1036 2349 1064 2406 in

142 2426 292 2484 articulari
313 2424 442 2502 plurium
464 2422 576 2501 jurium
605 2424 811 2501 spiritualium,
832 2435 866 2484 ut
880 2424 1021 2486 observat
1037 2429 1063 2488 S.

119 2443 229 2567 ll'hum.
241 2507 269 2562 2.
283 2508 310 2561 2.
325 2514 427 2582 quaest.
444 2506 508 2561 186.
519 2513 575 2561 art.
589 2506 617 2560 t.
631 2503 670 2560 ad
681 2505 708 2560 Ι.

162 2585 222 2644 ΙΙΙ.
244 2585 293 2646 Ex
307 2584 393 2642 dictis
416 2582 565 2651 conclude,
593 2581 672 2659 quod
696 2593 818 2659 peccent
843 2583 990 2662 Religiosi
1012 2605 1063 2662 per

121 2683 239 2724 omnem
265 2673 371 2732 actum,
396 2662 447 2741 qui
461 2662 674 2739 proprietatem
687 2662 732 2720 rei
747 2664 907 2740 supponit:
929 2683 964 2722 ae
980 2667 1026 2722 1⁰.
1040 2666 1063 2722 si

119 2763 183 2802 rem
207 2743 360 2820 recipiant,
385 2742 546 2810 detineant,
570 2751 622 2800 aut
634 2740 765 2799 alienent
778 2742 841 2800 sine
855 2762 999 2821 expresso
1013 2755 1063 2802 aut

119 2823 224 2905 saltem
232 2823 324 2881 tacito
335 2841 480 2880 consensu
487 2820 667 2898 Superioris;
678 2839 737 2898 quo
746 2841 815 2880 casu
825 2822 915 2881 etiam
924 2822 1063 2885 alienatio

118 2911 164 2960 est
178 2901 264 2959 irrita
283 2901 504 2960 &restitutioni
518 2900 655 2959 obnoxia.

158 2983 206 3037 2⁰.
229 2980 260 3038 Si
274 2981 372 3037 animo
386 2980 577 3058 proprietatis
590 2977 771 3056 possideant,
784 2980 920 3040 uolentes
939 2983 1063 3059 permit·

117 3069 182 3118 tere
212 3059 378 3137 Superioris
405 3058 538 3127 arbitrio,
566 3057 826 3118 obmurmureatve
853 3060 935 3118 velut
961 3060 1063 3121 affecti

117 3138 236 3216 injuriis,
261 3138 371 3215 siquid
394 3138 538 3206 detinent,
564 3136 721 3207 adimatur,
745 3143 795 3197 dcc.
816 3138 847 3196 hi
868 3158 970 3199 omues
985 3141 1063 3202 inter

117 3218 334 3298 proprietarios
346 3221 468 3294 votique
481 3216 527 3275 sui
542 3215 701 3274 violatores
715 3218 822 3275 merito
837 3228 1024 3296 reputantur.

157 3297 239 3373 Quid
249 3297 319 3355 licet
331 3297 491 3374 Religiosis
501 3295 586 3354 factis
597 3295 836 3367 Pastoribus,aut
846 3297 1038 3358 Beneficiatis
1051 3301 1063 3360 Ρ

158 3378 214 3437 IV.
235 3377 274 3437 R.
290 3376 436 3453 Religiosi
449 3375 620 3434 solemniter
633 3376 769 3453 professi,
783 3377 872 3437 etiarn
887 3376 958 3436 facti
973 3378 1062 3456 Epis·

117 3462 192 3535 copi,
207 3466 328 3514 manent
341 3467 411 3514 voto
425 3453 608 3533 paupertatis
622 3455 766 3526 obstricti,
791 3456 924 3535 adeoque
935 3456 1062 3519 dominii

115 3534 287 3614 incapaces:
308 3535 418 3593 habent
432 3554 504 3612 ergo
518 3533 593 3593 tales
604 3553 663 3592 non
674 3534 835 3595 dominium
850 3544 1061 3615 proventuum,

116 3616 168 3673 sed
180 3615 271 3672 solam
283 3614 577 3683 administrationem,
588 3633 653 3690 quae
661 3615 746 3673 factis
757 3615 912 3694 Episcopis
921 3616 957 3674 ed
966 3634 1061 3693 usqne

103 3709 248 3751 concessa
262 3703 317 3764 est,
334 3703 367 3753 ut
378 3693 417 3753 de
431 3691 520 3754 rebus
530 3693 587 3752 sibi
595 3693 771 3753 concreditis
785 3715 839 3775 per
848 3704 1060 3757 testamentum

68 3756 221 3830 h''ansr'nt
234 3773 412 3854 disponere,
427 3795 463 3838 ac
477 3775 505 3838 si
517 3773 649 3837 Domini
659 3773 772 3834 forent.
