2160 4034
338 172 382 216 un
402 172 652 217 conrascrraos.
912 158 972 217 285

41 276 119 339 dbue
133 274 351 346 rescindibilis;
364 297 393 336 v.
401 297 432 356 g.
440 278 466 336 si
476 287 645 337 contractus
653 275 693 336 sit
704 275 974 347 extortss'vi,metu

41 356 199 436 rjustomel
209 354 290 424 dolo;
304 355 356 415 sed
365 355 671 435 tamenjnramentum
681 356 739 415 erit
748 355 973 433 saepevalidnm‚

41 437 161 514 denque
174 434 372 495 servandnmr
396 435 564 514 bnjnsrnodi
578 446 676 494 tamen
686 435 856 512 juramenta
868 435 912 494 ita
924 436 974 496 tir·

41 536 67 573 ra
81 535 145 573 non
160 525 240 584 sunt,
260 515 332 592 quin
345 514 432 574 facile
445 514 694 592 dispensationem
708 514 875 573 admittant.

56 596 111 653 40.
135 593 168 653 si
182 603 351 653 contractus
364 595 404 652 sit
415 593 518 653 irritus
528 603 580 653 ant
589 592 785 652 rescindibilis
797 612 835 651 ex
841 592 911 670 jure
922 614 974 672 po·

42 672 113 731 tivo
127 673 272 750 primario
286 683 317 731 et
329 672 533 750 principaliter
551 683 675 750 propter
685 671 793 730 bouum
808 688 972 744 commune,

41 752 92 811 rlis
107 761 277 811 contractus
286 751 458 829 juramento
472 771 529 810 non
544 751 688 818 firmatur,
712 770 766 808 nec
778 750 874 828 ipsum
890 751 974 830 jura·

41 842 160 889 rentum
173 830 303 890 validum
318 843 381 898 est;
400 830 470 910 quia
482 839 542 888 tarn
557 829 640 899 illud,
655 848 741 910 quam
752 840 974 891 contractusest

41 922 131 969 antra
151 908 246 968 bonos
260 928 366 978 mores,
390 909 523 989 adeoque
537 920 606 967 sunt
619 908 740 968 illicita:
755 909 796 967 sio
809 909 890 968 nulla
900 910 974 969 obli·

41 990 108 1049 ntio
137 989 235 1048 oritur
257 1008 296 1048 ex
309 998 462 1047 contractu
486 987 696 1047 matrimoniali
713 987 825 1064 jurato,
850 989 875 1047 si
897 991 975 1049 inter

41 1067 235 1127 retrahentes
249 1069 288 1125 sit
301 1066 543 1146 impedimentum
556 1066 706 1138 dirimens,
720 1067 810 1127 etiarn
819 1067 898 1146 juris
908 1079 973 1128 tan·

41 1166 89 1207 nm
111 1147 324 1207 Ecclesiastici.

63 1230 115 1287 5⁰.
138 1228 323 1296 Contractus,
338 1225 390 1304 qui
408 1225 551 1285 inducunt
565 1225 776 1304 obligationem
798 1225 973 1297 naturalem,

41 1306 76 1366 ed
89 1306 354 1384 quijurepositiro
363 1305 441 1363 irriti
450 1316 518 1364 snut
528 1305 626 1383 quoad
634 1304 844 1382 obligationem
855 1306 972 1365 civilem

41 1384 181 1444 abortum
196 1383 406 1456 contrahentis,
426 1384 584 1444 accedente
597 1384 662 1462 ejus
670 1382 841 1461 juramento
855 1385 974 1446 firman·

40 1485 94 1534 ur.;
106 1465 149 1523 sic
158 1464 368 1522 confirmantur
377 1474 544 1523 contractus
553 1463 972 1542 pupillorum,miuorenuinm,

41 1542 241 1624 redequibus
251 1543 380 1602 Numi.
421 1543 498 1602 Item
510 1544 610 1601 omnia
620 1553 705 1622 pacta
714 1541 803 1611 unda,
818 1542 972 1621 dequibus

41 1624 122 1683 dnm.
137 1625 164 1680 2.
178 1621 303 1701 aliaque,
328 1620 435 1702 quibas
443 1621 494 1700 jus
507 1640 566 1681 non
580 1622 693 1680 assistit
705 1639 760 1679 neo
773 1622 895 1681 resistit.

64 1702 104 1763 V·
126 1702 299 1761 Notandum
324 1701 442 1760 interim
459 1700 557 1778 quoad
580 1700 709 1778 pupillos
730 1710 761 1758 et
775 1700 905 1760 minores
917 1701 970 1760 ali·

41 1799 119 1859 taque
133 1780 254 1849 similes,
269 1780 327 1839 illis
340 1782 371 1838 in
383 1780 492 1858 Belgio
503 1779 603 1838 &aliis
611 1779 760 1857 plerisque
769 1778 842 1839 loeis
850 1780 973 1839 concedi

41 1859 201 1921 renelieinm
216 1860 413 1918 restitutionis
433 1861 462 1916 in
478 1860 626 1937 integrum
648 1858 736 1917 etiam
750 1859 890 1917 adversus
905 1880 973 1917 ooa-

41 1948 138 1999 raetos
142 1938 271 2016 juratos,
277 1938 590 1998 obtentdrelaxatione
593 1939 756 2017 juramenti
768 1936 973 2017 abEpiseopo:

41 2019 95 2097 {oia
115 2037 194 2095 steps
200 2019 395 2154 presumitur
407 2016 482 2077 tales
495 2035 638 2095 personas
651 2017 681 2075 vi
695 2026 747 2075 aut
759 2017 863 2076 {raude
878 2018 915 2077 ad
925 2017 973 2096 ju·

41 2096 154 2163 undum
168 2097 197 2154 in
221 2108 302 2155 actas
316 2098 416 2156 fnisse.
459 2096 537 2156 Vide
552 2097 600 2155 De
616 2096 696 2175 Coeq
711 2105 729 2134 “
740 2097 788 2156 De
799 2097 973 2156 contraben-

41 2175 156 2235 ‘tibns”
171 2176 302 2235 sectione
315 2178 344 2233 5.

64 2258 114 2314 60.
137 2255 170 2314 Si
179 2264 347 2313 contractus
357 2253 396 2312 sit
410 2253 512 2312 irritus
523 2254 586 2313 solo
595 2254 665 2333 jure
676 2254 805 2332 positiva
816 2255 854 2314 ob
863 2253 972 2313 bonurn

41 2334 175 2413 privatum
191 2345 221 2392 et
235 2334 395 2392 utilitatem
408 2333 618 2405 contrahentis,
633 2335 675 2392 sio
688 2344 722 2392 ut
735 2354 774 2392 ex
788 2353 824 2392 eo
837 2354 895 2393 non
906 2354 972 2393 nas·

41 2423 110 2473 atnr
132 2412 277 2490 obligatio
299 2413 450 2483 naturalis,
474 2413 593 2494 (quales
607 2424 775 2472 contractus
789 2413 866 2472 vide.
880 2414 972 2475 Num.

41 2492 157 2573 l),tunc
172 2492 412 2563 controvertitur,
433 2502 532 2551 utrum
546 2492 703 2551 accedente
719 2490 890 2570 juramento
904 2512 972 2551 con·

41 2582 139 2631 rectus
153 2572 353 2642 confirmetur,
368 2591 420 2631 seu
434 2571 618 2644 validnsfiat,
633 2572 674 2631 ita
685 2583 718 2631 nt
728 2570 848 2629 inducat
861 2570 972 2650 obliga·

41 2652 140 2711 ionem
150 2651 286 2727 justitie.

63 2732 105 2791 R<
119 2732 256 2789 Herincx
268 2730 377 2809 aliique
388 2739 516 2808 negant;
529 2731 601 2808 quia
609 2731 810 2809 juramentum
822 2748 918 2807 neque
927 2740 972 2789 est

41 2811 204 2889 requeiscit
214 2819 407 2879 contractum,
421 2829 476 2868 nec
489 2809 603 2869 inducit
616 2810 764 2869 vinculum
774 2810 909 2888 justitia,
920 2810 973 2869 sed

41 2890 141 2948 entdm
158 2889 345 2966 Religionis:
365 2888 526 2947 admittunt
540 2900 638 2947 tamen
648 2889 848 2967 juramentum
864 2888 973 2961 valere,

41 2969 276 3027 scouventiones
287 2988 325 3026 ex
341 2967 500 3045 Religione
511 2968 670 3027 servandas
683 2989 757 3027 esse.

65 3047 131 3105 Alit
148 3048 282 3105 econtra
303 3046 459 3117 sustinent,
484 3045 538 3106 hos
559 3059 727 3106 contractus
741 3048 783 3106 sic
795 3048 916 3118 firmari,
940 3058 973 3105 ut

41 3126 120 3185 itiam
133 3126 275 3185 inducant
288 3125 501 3204 obligationem
511 3125 657 3204 justitiae3
670 3127 740 3208 quia
748 3126 853 3205 jurans
864 3146 895 3186 se
906 3146 974 3185 con·

41 3215 156 3277 rantum
170 3225 228 3264 non
241 3218 458 3276 revocaturum,
479 3206 558 3264 cedit
572 3207 636 3283 ipso
649 3207 730 3265 facto
744 3208 837 3264 favori
851 3205 906 3263 sibi
920 3223 974 3281 per

41 3304 109 3363 agea
119 3304 276 3343 concesso:
302 3284 507 3362 positdautem
516 3285 571 3343 bisc
583 3286 725 3354 cessione,
735 3283 856 3361 perinde
869 3292 923 3351 ast,
939 3301 974 3339 ae

41 3364 124 3423 inan
136 3374 216 3423 esset
224 3365 350 3442 amplius
358 3365 410 3442 jus
418 3364 506 3423 talem
519 3374 701 3422 contractum
713 3364 828 3422 irritum
839 3360 975 3419 reddens.

66 3444 145 3503 Haeo
158 3444 306 3522 posterior
316 3444 472 3512 sententia,
482 3443 525 3501 ait
533 3441 735 3514 Billuartnan
743 3440 836 3499 solnm
846 3458 975 3498 comma·

41 3520 103 3595 tior,
118 3524 173 3582 sed
184 3523 399 3582 &conformior
410 3522 529 3581 videtur
536 3523 622 3599 praxi
633 3521 763 3581 omniurn
774 3516 974 3589 tribunalium,

41 3602 119 3675 »tiam
130 3602 271 3672 civilium,
286 3604 316 3661 in
331 3603 437 3684 quibus
451 3602 647 3662 communiter
657 3600 764 3660 dicitnr
772 3595 974 3676 juramentum

41 3680 169 3762 opplere
184 3682 331 3743 defectum
352 3682 458 3754 atatis,
480 3686 508 3743 dr
519 3700 560 3751 ex
573 3680 626 3743 tali
639 3687 792 3765 contractu
805 3675 977 3737 conceditur

41 3766 117 3823 atio.
