2160 4034
261 192 305 235 nr
325 186 564 233 conrnacrmm
585 168 621 230 ιιι
638 187 757 231 oraora
935 172 997 230 399

49 442 109 513 No.
125 452 174 510 67.
209 450 269 510 DE
290 447 599 589 COMMOPIBAsffl')
608 444 834 508 PRECARIO
850 446 907 511 ET
922 451 994 511 DE·

51 686 74 747 1.
105 689 327 758 commodorum,
379 686 421 746 ΙΙ.
440 687 466 760 85
486 689 658 766 precarium.
713 684 773 746 ΙΙΙ.
806 686 993 762 Obliqotioneo

85 770 297 837 commodando,
352 764 453 842 lvo
476 767 696 826 commodatarii.
748 764 786 826 V.
816 764 993 846 Depositam.

88 848 148 909 vl.
170 846 363 923 Obliyotionoo
375 846 547 924 depositarii.
590 845 662 906 VH.
686 843 788 905 ocsus.

87 1005 201 1080 QUID
217 1014 263 1065 est
277 1003 505 1074 commodatum,
521 1013 553 1063 ut
567 1013 613 1062 est
626 1000 816 1063 contractus?

87 1083 116 1144 Ι.
139 1085 177 1146 R.
198 1084 256 1144 Eat
269 1085 313 1143 rei
326 1083 449 1161 alicujus
463 1082 560 1165 quoad
574 1082 768 1145 uenm'ooium
782 1082 914 1163 gratuita
927 1102 995 1143 oon·

49 1164 145 1227 cessio
159 1164 197 1223 ad
211 1174 325 1225 certum
337 1173 464 1243 tempus.

81 1240 173 1317 ¹Quid
186 1253 232 1302 cst
244 1242 408 1321 precarium
424 1251 457 1300 ιιι
471 1251 517 1301 ert
530 1243 724 1301 contractus?

87 1321 134 1382 ll.
156 1324 200 1387 R..
215 1323 271 1382 Est
285 1323 328 1381 roi
340 1321 464 1399 alicujus
477 1319 574 1413 quoad
586 1341 669 1380 neum
680 1319 774 1379 solnm
785 1319 917 1398 gratuita
927 1340 996 1380 con·

49 1404 145 1461 roseio
160 1401 315 1460 adnutum
329 1401 517 1460 concedente
531 1399 715 1459 revocabilis.

87 1480 264 1541 Pretorium
288 1481 380 1558 igitur
401 1498 460 1538 non
479 1478 579 1540 differt
593 1499 610 1538 a
624 1476 820 1547 commodato,
841 1478 898 1537 niei
913 1479 996 1561 quod

49 1560 146 1638 pouit
159 1559 264 1642 quovis
277 1569 412 1638 tempore
426 1559 522 1635 repeti
536 1578 554 1616 a
567 1556 764 1627 concedente:
794 1556 863 1639 hinc
885 1560 911 1616 δι
928 1579 997 1636 pro·

49 1642 160 1699 ramum
183 1639 307 1706 dicitur;
337 1639 406 1718 qaia
424 1637 571 1718 accipiens
590 1657 707 1719 semper
720 1645 857 1697 censetur
870 1639 995 1716 precari,

49 1730 81 1778 nt
95 1738 162 1777 rem
176 1719 305 1778 rotinere
319 1717 421 1795 poscit.
923 1732 926 1737 ’

90 1798 216 1857 Dictum
229 1808 276 1857 est
288 1793 447 1880 utrobique
460 1805 494 1854 at
503 1805 708 1858 otoonrractas
714 1822 728 1868 ,·
750 1797 820 1876 quia
829 1792 1008 1860 commoda:

49 1887 116 1935 tam
140 1879 167 1935 do
189 1877 355 1956 precariam
379 1893 458 1953 oaepo
482 1884 638 1935 sumuntur
656 1896 710 1955 pro
724 1896 758 1936 re
771 1876 958 1953 commodata
971 1879 997 1936 o

49 1957 185 2034 precario
199 1956 275 2014 data.

88 2036 234 2110 Quaenam
249 2043 295 2094 eet
308 2033 451 2113 obligatio
465 2034 703 2095 commodando?

88 2114 152 2175 111.
172 2115 211 2175 R.
234 2114 279 2172 1⁰.
301 2112 435 2173 Tenetur
447 2114 563 2191 operire
578 2115 725 2176 occultum
738 2115 844 2176 vitium
858 2114 902 2175 rei
917 2134 996 2174 com·

49 2194 179 2254 madata
201 2193 297 2252 utenti
320 2190 538 2272 periculosum
557 2193 688 2272 alioquin
702 2205 822 2254 tenetur
836 2194 873 2255 do
887 2193 995 2253 damno

52 2280 162 2335 secuto.

87 2356 139 2411 2⁰.
156 2352 292 2413 Tenetur
314 2350 353 2410 ad
376 2349 625 2410 extraordinarias
643 2369 788 2428 expensor
807 2351 851 2409 rei
865 2370 993 2412 commo·

52 2431 125 2492 datm
139 2433 327 2501 necessarios,
349 2450 376 2487 v.
389 2450 419 2509 g.
433 2429 470 2488 ad
485 2429 644 2489 curandum
658 2450 767 2509 equum
781 2429 893 2509 absque
907 2431 994 2510 culpa

52 2512 271 2573 commodatarii
284 2512 395 2571 lesum.

84 2594 136 2651 8⁰.
156 2590 291 2651 Tenetur
312 2599 381 2649 ante
403 2599 519 2666 tempus
543 2588 685 2668 implicite
704 2587 751 2647 vel
765 2587 904 2667 explicite
919 2608 993 2666 prm·

54 2669 140 2731 fixam
153 2671 239 2751 -(nisi
260 2680 366 2747 argent
384 2670 544 2728 necessitas
557 2688 615 2726 non
631 2668 770 2748 prmvisa)
785 2687 849 2726 rem
863 2687 994 2727 commo·

52 2748 147 2811 datam
170 2770 228 2809 non
252 2759 406 2826 repeterer
436 2748 565 2829 alioquin
589 2748 738 2806 tenebitur
761 2746 992 2807 commodatario

52 2826 84 2893 do
97 2828 207 2890 domno
221 2839 322 2888 secuto
336 2848 376 2887 ex
389 2827 598 2904 intempestiva
610 2827 799 2886 revocatione
812 2825 956 2906 ejusdem.

85 2908 232 2983 Quanam
246 2917 292 2967 cot
306 2907 449 2984 obligatio
463 2905 707 2966 commodatarii?

86 2986 145 3049 lv.
166 2988 205 3049 a.
228 2990 273 3045 1⁰.
294 2986 363 3047 Non
386 2985 489 3044 utendi
513 3005 545 3044 re
568 2984 762 3056 commodati,
783 2985 838 3043 nini
852 2984 891 3043 ad
906 3005 992 3045 usum

49 3064 104 3125 tibi
127 3086 307 3135 concessum,
328 3075 380 3124 aut
397 3064 502 3124 saltem
515 3065 561 3124 cui
577 3064 739 3144 prudenter
757 3063 874 3144 judicet
888 3066 993 3124 Domi·

49 3164 118 3205 anm
132 3164 349 3206 concessurum.

84 3227 136 3289 2⁰.
158 3225 234 3286 nem
260 3223 474 3287 commodatam
497 3223 636 3301 expensis
654 3221 716 3282 anie
729 3232 843 3284 statuto
856 3232 992 3299 tempore

49 3304 192 3365 reddendi
206 3324 264 3363 non
280 3302 498 3374 deterioratam,
512 3303 570 3361 nisi
584 3303 729 3384 qnatenus
739 3302 904 3362 necessario
918 3302 998 3360 acci·'

49 3383 92 3444 dit
107 3403 147 3445 ex
160 3404 215 3442 nou
229 3402 376 3445 concesso.

85 3464 135 3522 30.
158 3463 291 3523 Tenetur
305 3462 342 3520 ad
356 3481 501 3541 expensae
516 3460 681 3520 ordinarias
695 3472 726 3520 et
740 3460 880 3530 modicae,
897 3459 936 3518 ad
951 3460 996 3518 rei

49 3542 240 3602 commodata
255 3543 509 3601 conservationem
523 3543 712 3601 necessarias.

86 3624 136 3682 4⁰.
158 3623 293 3682 Tenetur
305 3621 344 3682 ad
354 3621 611 3700 diligentissimam
630 3622 673 3682 rei
689 3617 881 3680 commodate
897 3620 1001 3679 custo·

129 3719 200 3761 vor..
214 3717 249 3761 11.
566 3704 624 3760 tn
