2160 4034
243 122 246 127 ’
289 154 333 196 mr
353 152 647 197 conmonuemus
666 154 785 198 eructu.
950 136 1009 196 est

70 302 74 309 .
100 254 164 317 ΙΙΙ.
187 254 924 317 Obsersottomcnjfltookmunsdecisioue187.·&
935 255 1009 338 Big'-

65 331 132 393 nion
146 334 201 394 lib.
214 339 243 393 3.
255 355 319 414 cup.
332 339 381 395 66.
400 334 533 394 moribus
547 334 699 394 hodiernis
713 335 828 395 tuntrlm
842 334 939 395 solere
958 338 1010 398 od·

66 412 142 471 mitti
157 413 269 492 injure
281 413 491 492 allegationem
509 416 536 473 dr
555 413 760 491 probationem
775 413 835 473 doli
850 435 889 473 ex
902 433 1011 493 propo·

67 489 134 584 cbo,-
152 503 185 586 et
205 492 274 553 inde
294 495 440 553 actionem
463 495 573 566 Quanti
592 494 718 564 minoris,
742 492 795 552 scd
808 493 860 552 vix
879 514 1009 572 unquam

64 586 278 631 rescrssronem.
726 637 729 641 ,

94 649 238 710 Maxime
251 660 350 711 nutem
364 651 427 711 hec
445 650 584 711 rescissio
605 649 710 728 negoti
723 651 800 710 solet
813 651 844 709 in
857 652 1009 730 emptione

61 745 94 786 cx
108 727 338 791 subhastatione
358 730 551 791 conformiter
569 729 609 790 ud
628 730 858 790 consuetudines
877 731 1010 792 Antuer·

52 807 180 886 pienses
195 810 242 868 tit.
255 813 303 869 60.

94 886 158 948 Ν.
180 889 303 948 Certum
323 887 443 948 interim
463 897 573 960 munet,
596 887 755 949 laedentem
775 906 893 966 semper
911 891 1009 951 teneri

49 965 85 1023 in
108 968 297 1027 couscientia
319 967 357 1026 nd
379 967 547 1046 ponendam
569 966 771 1046 equalitatem
792 968 872 1027 iuter
893 984 958 1028 rem
983 970 1009 1029 u

49 1048 203 1122 pretium,
217 1048 280 1106 sive
293 1047 430 1106 rescissio
445 1046 532 1106 detur
546 1045 608 1106 sive
618 1046 782 1117 pometiam
793 1046 863 1105 dum
874 1047 955 1107 lresio
966 1052 1013 1109 est

50 1123 171 1197 minor,
186 1128 274 1206 quem
288 1127 326 1187 cd
339 1126 512 1185 dimidiumz
532 1125 615 1207 quod
628 1125 708 1185 enim
716 1123 787 1203 juro
800 1146 858 1186 uon
873 1126 1011 1188 dederint

49 1203 212 1264 actionem
233 1226 274 1265 ex
297 1205 406 1265 minori
428 1204 558 1277 laesione,
582 1204 650 1265 ideo
664 1214 719 1276 est,
742 1223 781 1264 ne
798 1205 922 1265 nimidm
941 1206 1009 1267 litet

49 1282 345 1363 multiplicarentum
366 1304 427 1344 non
441 1294 541 1343 autem
553 1283 592 1344 od
606 1284 807 1363 protegendas
820 1283 990 1362 injustitias.

77 1361 276 1423 Notandum
298 1374 353 1434 est,
385 1364 533 1423 actionem
553 1363 658 1423 talium
681 1363 834 1423 laesionum
858 1365 1009 1442 prescribi

55 1442 192 1500 termino
214 1445 250 1500 lo
270 1462 414 1505 annorum
432 1441 524 1522 juxte
545 1442 677 1505 edictum
697 1442 816 1503 Alberti
835 1449 862 1502 dr
876 1443 1011 1505 leubellre

60 1520 136 1581 unni
152 1523 369 1583 1611111129.
455 1587 458 1591 ¹

102 1599 188 1673 Quid
201 1611 248 1661 est
260 1602 429 1664 retractus?
504 1624 507 1629 ·

99 1678 142 1739 V·
163 1680 203 1741 It
223 1679 279 1741 Est
295 1680 348 1758 jus
367 1689 551 1741 contractum
568 1679 920 1757 emptionis-venditionis
943 1701 1010 1742 cum

61 1755 124 1817 alio
137 1758 254 1831 initum,
276 1759 357 1819 intro
367 1770 481 1821 certum
494 1768 612 1839 tempus
625 1758 820 1830 rescindendi,
834 1770 867 1818 et
878 1776 942 1818 rem
955 1761 1011 1829 im·¹

61 1836 205 1896 mobilem
219 1837 323 1898 eodem
358 1839 435 1898 retio
449 1838 487 1897 od
501 1858 532 1898 se
546 1837 721 1898 revocandi:
742 1836 791 1896 vel
809 1847 854 1897 est
871 1837 923 1917 jus
935 1858 1012 1918 prm.

62 1914 193 1988 lotionis,
208 1918 287 1998 quod
300 1918 340 1979 bs
378 1918 558 1997 tproximus
571 1917 815 1996 consanguineus,
837 1927 890 1976 out
907 1918 1011 1979 Domi·

63 2014 118 2055 nus
130 1996 310 2057 feudalis-ed
323 2018 386 2057 rem
400 1995 583 2057 immobilem
595 1997 757 2057 venditum.

105 2075 268 2148 Quomodo
281 2076 425 2137 dividitur
438 2078 607 2137 retractus?

100 2153 144 2215 R.
166 2155 202 2215 ln
215 2166 376 2216 retractum
390 2155 581 2234 gentilitium,
595 2155 792 2217 &feudalem

101 2233 161 2296 Vl.
182 2234 357 2295 Gentilitius
379 2246 425 2295 est
441 2234 493 2313 jus
512 2234 693 2313 prelationis
705 2244 876 2314 competens
890 2254 1012 2296 consen·

69 2312 177 2390 guineo
191 2314 464 2393 venditoriejctiom
477 2313 648 2384 mulieri,od
660 2313 868 2373 retrahendum
882 2315 939 2374 sibi
951 2333 1015 2376 rem

67 2392 215 2452 venditum
230 2404 374 2455 extraneo
388 2393 437 2453 vel
448 2393 603 2455 remotiori
617 2392 846 2470 consanguineo.

103 2471 247 2533 Feudelis
266 2483 314 2535 est
332 2473 383 2552 jus
403 2472 508 2543 simile,
528 2472 609 2550 quod
622 2471 712 2531 habet
725 2472 756 2530 in
773 2471 920 2549 aliquibus
940 2473 1013 2532 locis

68 2548 216 2615 Dominus
229 2552 360 2613 directus
374 2572 427 2612 seu
440 2551 575 2623 ieudelis,
595 2561 630 2612 ut
643 2550 777 2612 retrahat
790 2550 845 2609 sibi
859 2550 937 2610 bono
949 2552 1013 2610 feu·

66 2628 295 2691 deliuolieuotu.
993 2651 995 2655 ⁴

106 2707 143 2768 ln
157 2709 332 2787 quibusdem
347 2710 420 2771 locis
433 2710 529 2771 adhuc
549 2709 638 2770 datur
650 2709 724 2769 nlius
741 2717 888 2769 retractus
900 2728 940 2768 ex
953 2727 1015 2768 ser·

64 2787 164 2847 vitute
177 2790 289 2848 activo:
311 2790 423 2849 scilicet
435 2789 494 2862 ille,
519 2791 571 2868 qui
588 2789 677 2848 hebet
691 2790 864 2848 servitutem
878 2788 1014 2858 activum,

64 2886 94 2924 v.
108 2886 139 2945 g.
153 2868 204 2949 qui
219 2868 308 2928 bobot
326 2869 377 2948 jus
401 2869 573 2929 transeundi
593 2868 631 2928 ud
651 2887 743 2946 eques
756 2887 810 2946 per
823 2887 927 2945 agrum
941 2868 1013 2928 olte-

63 2946 138 3016 rius‚
152 2957 253 3025 potest
265 2948 419 3008 retrahere
432 2949 520 3009 istum
535 2967 640 3026 ugrum
653 2947 740 3006 elteri
753 2947 916 3007 venditum.

107 3026 253 3099 Quonam
267 3038 336 3086 sunt
349 3027 533 3088 conditiones
547 3027 674 3106 legitimi
687 3025 856 3086 retractis?

106 3104 243 3166 v11.e.
267 3110 311 3164 10.
332 3105 433 3167 Debet
457 3106 551 3165 omnis
574 3115 719 3166 retractus
742 3105 807 3165 ficri
831 3103 885 3166 sub
909 3105 1015 3167 eodem

65 3185 177 3263 pretio,
192 3205 251 3263 quo
265 3204 313 3245 res
327 3195 396 3244 unte
408 3186 467 3244 fuit
480 3184 609 3245 venditu.

107 3265 159 3322 20.
191 3264 287 3324 Utens
319 3275 450 3324 retractu
476 3265 625 3342 gentilitio
653 3262 743 3323 debet
768 3263 920 3323 retrahere
950 3282 1015 3322 rem

66 3342 168 3402 animo
183 3343 239 3403 sibi
253 3344 383 3415 tenendi,
405 3364 463 3403 non
478 3345 573 3416 elteri,
595 3344 685 3422 idque
705 3345 769 3404 sine
787 3343 914 3413 fictione,
936 3340 1016 3420 quod

65 3421 159 3481 etium
174 3423 204 3480 in
221 3422 291 3501 jure
305 3426 422 3503 cogitur
438 3423 558 3502 jurare:
579 3423 670 3494 selvo,
690 3422 770 3502 quod
784 3433 888 3501 posteo
901 3419 1019 3484 mucatt

67 3500 224 3564 voluntate
237 3523 295 3564 non
309 3503 503 3587 prohibeatur
515 3503 646 3564 vendere
658 3522 721 3563 rem
735 3502 824 3577 illum,
844 3520 932 3582 quem
947 3498 1042 3583 venep
