2160 4034
344 122 389 167 ne
407 124 489 168 surm
508 124 550 169 nr
567 124 725 169 auerrrrn.
952 108 1008 169 127

84 229 123 291 ll.
147 228 187 291 R.
210 227 243 289 Si
264 227 418 287 revocatio
441 226 481 287 rit
505 226 583 287 serie
605 234 632 287 dr
655 228 760 288 efficax
781 227 995 289 &innotuerit

49 307 223 375 mandatario
247 306 422 385 ceterisque
442 306 471 366 ei
485 306 686 367 subordinatis
706 316 776 367 ante
789 306 890 367 damni
903 305 992 367 illati·

49 407 137 458 nnem,
158 397 231 447 tnnc
243 387 386 451 mandans
396 406 456 445 non
471 396 591 455 tenetur
600 387 727 464 amplius
740 396 775 447 ut
794 395 813 425 “
824 385 993 447 mandans.”

49 467 119 531 Vnde
134 487 202 545 quaa
215 477 285 527 eunt
298 467 330 526 N
332 486 390 531 um.
404 469 452 525 28.
472 475 491 504 “
503 466 541 525 de
556 467 626 525 Act.
640 465 814 525 Humanis.”

77 546 203 607 Dictum
213 556 275 607 cst:
297 565 356 605 non
370 554 490 605 tenetur
503 545 629 623 amplius
644 556 678 604 nt
704 555 723 583 ‘⁸
733 542 901 616 mandans,”
920 544 991 628 quia

49 625 245 707 ptcatrdbuc
258 625 356 686 teneri
369 623 424 683 sub
438 623 497 683 alia
511 624 671 703 qualitate:
692 645 726 685 ac
742 627 787 683 1⁰.
802 624 921 703 quidem
935 622 990 683 sub

49 704 184 787 palitate
218 703 457 774 “conscientia”
487 704 513 763 ai
539 704 680 764 nimirum
704 703 881 774 mandando,
901 704 990 763 simul

49 784 160 856 activa,
168 785 268 845 media
277 783 327 842 vel
337 782 441 845 moder
449 783 633 860 suggesserit
641 783 835 854 mandatorio,
846 793 898 842 ant
908 803 989 843 man·

49 862 108 923 lato
132 883 188 923 sno
209 865 340 922 animum
364 862 540 921 mandatarii
562 864 739 941 corruperit,
762 863 804 923 ita
827 872 861 921 ut
885 861 935 924 ille
949 883 989 937 ex

49 940 300 1009 hrnniticationia
311 941 577 1020 premeditatione,
601 942 700 1002 madia
719 943 768 1003 vel
782 942 887 1009 modos
900 960 989 1001 exec-

49 1020 181 1103 gltaverit
194 1030 293 1081 stante
305 1019 456 1090 mandato,
470 1031 550 1090 tunc,
570 1022 595 1080 si
610 1021 640 1079 vi
654 1021 772 1080 illorum
785 1020 987 1081 mandatarius

49 1100 133 1163 nitur
152 1100 297 1179 procedat
309 1100 348 1159 ad
361 1099 638 1170 damnificationem,
660 1101 802 1160 mandans
826 1098 986 1170 tenebitur,

49 1200 109 1349 lxo
123 1189 141 1220 ‘⁴
151 1179 337 1251 consulens,”
356 1179 395 1239 ad
407 1179 629 1239 restitutionem
648 1181 738 1245 etiam
752 1189 893 1241 revocato
906 1198 989 1238 man·

80 1339 136 1401 111.
156 1341 204 1399 2⁰.
226 1339 340 1399 Teneri
352 1348 452 1418 potest
466 1337 520 1397 rub
541 1338 684 1415 qualitate
704 1348 723 1379 “
736 1360 795 1399 non
816 1337 989 1410 obstantis,'’

49 1416 127 1499 idque
141 1438 181 1477 ex
195 1418 310 1477 duabus
324 1418 435 1477 causis:
459 1420 504 1477 1⁰.
525 1418 595 1495 quia
608 1439 648 1478 ex
667 1419 769 1497 iniquo
783 1419 835 1477 illo
848 1417 989 1479 mandato

49 1497 185 1581 pararit
201 1497 345 1557 mandans
366 1497 578 1575 obligationem
602 1518 641 1557 ex
659 1498 779 1576 justitia
805 1499 988 1576 impediendi

49 1588 121 1641 bne
144 1577 288 1637 damnum
312 1577 448 1656 proximo
470 1597 510 1637 ex
532 1577 670 1637 mandato
695 1578 869 1643 imminens:
891 1581 938 1636 20.
960 1580 987 1637 si

53 1657 178 1721 andans
201 1655 242 1715 sit
265 1657 402 1734 superior
423 1656 607 1717 mandatorio
632 1667 684 1715 ant
707 1657 803 1729 aliter,
828 1678 867 1717 ex
890 1657 987 1717 officio

49 1746 174 1799 'meatur
187 1735 329 1795 damnum
341 1736 494 1814 impedire.

79 1815 157 1890 Quid
170 1816 197 1875 ai
212 1815 429 1875 mandatarium
442 1815 595 1875 deterrere
605 1815 631 1872 br
640 1815 785 1893 impedire
795 1836 855 1875 non
864 1817 984 1894 poerit?

77 1895 109 1955 li.
130 1895 271 1954 Tenetur
291 1904 362 1953 tunc
375 1914 497 1954 monere
517 1893 772 1966 damnificandum,
793 1907 827 1957 ut
845 1895 901 1955 sibi
915 1916 985 1955 eon·

54 1974 116 2046 cist,
137 1974 235 2033 etiem
248 1994 316 2033 com
328 1993 383 2035 auo
394 1973 501 2035 damno
516 1972 632 2052 aequali,
653 1975 678 2035 si
699 1975 738 2033 sit
758 1996 827 2055 spes
847 1976 889 2035 ita
903 1975 983 2035 dem-

53 2074 102 2113 um
117 2053 316 2133 impediendi.

249 2292 289 2351 N.
310 2292 359 2351 il.
399 2290 460 2352 DE
480 2290 783 2355 CONSULEN'I'E.

49 2410 242 2472 comens.
283 2411 325 2471 11.
351 2409 532 2470 Consulentcs
541 2411 740 2482 decennalem,
783 2411 843 2473 ΙΙΙ.
862 2413 982 2476 Eteon-

63 2491 190 2551 nlenten
202 2490 298 2569 operti
311 2488 425 2548 melum.
467 2491 523 2552 lV.
545 2491 684 2570 Aperiens
696 2491 805 2550 tantum
824 2496 983 2570 opinionem

63 2590 149 2629 amm
162 2590 225 2629 non
238 2579 352 2629 tenetur.
393 2569 432 2630 V.
457 2569 578 2630 Tenetur
590 2573 689 2631 docens
701 2591 736 2628 en
748 2573 912 2646 iqnorantic
924 2574 983 2633 cul·

58 2649 168 2729 patilt
212 2649 270 2710 v1.
295 2650 376 2723 Quid
386 2651 535 2711 consilium
545 2650 776 2729 fraudulentam.

64 2771 279 2845 QUISNAM
293 2772 341 2830 hic
355 2772 533 2850 intelligitur
547 2772 665 2831 nomine
680 2770 883 2831 consulentis?

64 2851 90 2911 Ι.
112 2851 154 2910 lt.
185 2850 250 2923 llle,
272 2852 324 2929 qui
346 2851 473 2910 alterum
497 2862 598 2911 movet
620 2851 657 2910 ad
681 2850 821 2909 damnum
844 2854 983 2929 proximo

49 2929 220 2990 tierendum
236 2931 396 3000 suadendo,
417 2930 563 3009 precibus,
585 2930 735 2989 blanditiis
748 2942 801 2990 aut
818 2933 982 3008 promissis,

49 3010 124 3069 ledia
149 3020 206 3068 aut
219 3011 332 3069 motiva
345 3011 543 3089 suggerendo,
571 3009 744 3069 facilitatem
758 3021 809 3068 aut
824 3010 983 3071 utilitatem

49 3088 229 3160 rtendendo,
250 3099 301 3149 aut
326 3091 416 3149 etiam
440 3089 583 3168 injustum
603 3091 714 3148 factum
735 3090 913 3162 excusando,
935 3092 984 3152 vel

49 3178 227 3249 pparentem
245 3167 395 3246 justitiam
418 3169 515 3230 eidem
539 3169 715 3248 effingendo,
737 3171 788 3227 bac.
810 3181 983 3230 nontamen

49 3268 61 3307 n
73 3248 241 3307 utilitatem
264 3249 455 3320 consulentis,
475 3250 559 3308 uteie
572 3270 590 3308 a
602 3248 762 3309 mandante
773 3248 982 3326 distinguatur,

49 3338 112 3387 uxta
125 3327 214 3387 dicta
229 3327 259 3386 N
262 3348 320 3385 am.
335 3332 382 3386 72.

69 3408 158 3481 Quot
171 3417 243 3465 eunt
256 3406 364 3467 classes
378 3408 615 3468 consulentium?

69 3487 109 3549 ll·
132 3486 175 3547 R·
197 3486 295 3545 Duae:
317 3488 412 3566 prima
425 3498 471 3546 est
485 3507 597 3557 eorum,
621 3489 672 3570 qui
686 3487 758 3547 dant
780 3485 933 3545 consilium
947 3487 985 3549 de

48 3566 160 3626 ’eritate
174 3565 373 3629 antliceitate
394 3568 528 3637 actionis,
552 3586 580 3625 v.
601 3587 632 3645 g.
655 3565 781 3628 dicendo
802 3575 986 3628 contractum
1018 3620 1028 3633 .

49 3665 90 3707 ase
112 3645 246 3720 licitum,
268 3666 334 3707 cum
354 3657 454 3710 tamen
468 3648 508 3707 sit
520 3645 660 3786 ³illicitus,
680 3644 901 3707 restitutionem
923 3668 985 3712 non

481 3745 499 3786 n
