2160 4034
271 133 317 178 nn
336 131 577 178 conteremus
596 132 637 179 m
651 134 769 181 srncm.
960 122 1019 183 355

64 348 163 414 ΝᾸΒ.
184 350 246 413 DE
255 353 374 416 ALIIS
387 353 564 417 'rtruuts
578 353 728 428 merle,
742 355 825 418 SEU
836 355 1011 437 rannus

448 432 618 495 USURAE..

62 588 658 668 1.1intb'fictrll.lsrbormrttuandi.
699 590 760 652 111.
785 593 944 653 Ordinan‘u
953 595 1009 735 dpl-

80 669 211 747 ficultua
233 671 385 749 recipiendi
406 681 514 730 sortem.
555 671 611 731 IV.
636 671 772 731 Cureutiu
789 676 928 751 pecuum.
999 716 1008 732 .

99 748 248 827 Obligatio
259 770 317 811 non
328 752 468 828 repetendi
488 759 587 810 cortem
599 751 641 808 ad
651 760 766 829 tempus.
808 752 865 813 Vi.
891 752 1006 813 Utilitas

88 831 226 906 pecunie
232 832 390 908 presente.
432 828 506 892 VII.
525 827 661 897 Debitum
675 832 870 906 gratitudinis.

96 982 126 1045 I.
147 986 301 1047 TITULI
315 987 378 1046 sire
391 995 564 1065 pretextur,
575 985 630 1046 sub
638 987 745 1070 quibus
758 1008 876 1049 usuram
887 988 1009 1069 palliare

52 1074 216 1137 conantur,
228 1076 422 1126 numerentur
435 1065 524 1125 etiam
535 1077 712 1148 sequentesz

99 1146 148 1202 1⁰.
170 1144 271 1205 Labor
281 1146 435 1205 mutuandi
469 1146 597 1205 counias.

96 1224 148 1282 20.
171 1165 513 1303 Imaginariadifficuitas
521 1222 683 1304 recipiendi
691 1234 835 1286 summam
844 1227 1011 1307 capitalem.

96 1302 149 1361 30.
171 1303 310 1363 (larentia
323 1304 464 1382 pecunie.

97 1382 149 1441 40.
172 1382 325 1461 Obligatio
338 1403 397 1442 non
411 1381 566 1461 repetendi
580 1393 690 1442 sortem
705 1385 743 1444 ad
756 1395 869 1445 certum
881 1396 1008 1465 tempus.

58 1461 151 1599 &52
173 1462 295 1522 Utilitas
308 1463 440 1542 pecuniae
460 1462 614 1541 prasentia
635 1463 739 1542 major,
763 1466 852 1547 quam
866 1464 1008 1539 absentis,

86 1560 112 1600 c·
477 1562 480 1567 ,

98 1619 154 1757 dm
167 1618 239 1680 licet
252 1620 362 1702 aliquid
377 1620 499 1699 exigere
514 1619 592 1680 ultra
606 1630 717 1680 sortem
730 1642 785 1701 pro
795 1621 898 1683 labore
910 1633 1009 1685 mutu·

59 1718 95 1757 au
119 1699 157 1760 i?

98 1777 144 1838 ΙΙ.
165 1778 204 1839 R.
231 1776 403 1858 Negative:
421 1777 492 1858 quia
516 1776 604 1838 labor
627 1779 804 1852 ordinarius,
831 1782 1008 1842 intrinsecus

59 1858 140 1917 omni
154 1869 267 1928 mutuo,
282 1879 340 1917 uon
354 1859 449 1936 magis
463 1866 509 1916 est
538 1859 614 1917 retio
625 1858 817 1930 aestimabilis,
829 1862 916 1939 quam
925 1861 1007 1921 actio

60 1936 124 1996 sire
137 1936 223 1997 labor
236 1936 375 2009 donandi,
388 1936 504 1996 venden
526 1938 545 2007 i,
557 1943 608 1997 dcc.
617 1937 724 2017 similia
734 1938 812 2000 enim
823 1938 1008 1999 constituunt

61 2016 220 2076 essentiam
234 2015 337 2076 talium
352 2025 565 2075 contractuum.

99 2096 135 2157 si
149 2095 301 2156 obeundus
314 2096 394 2156 foret
406 2094 491 2154 labor
504 2095 879 2177 aliquisextraordinarius
902 2096 941 2159 ad
954 2119 1008 2158 nu·

61 2174 242 2246 merendum,
264 2172 450 2239 scribendum
465 2174 671 2253 obligationes,
691 2181 742 2237 dre.
755 2177 879 2238 deberet
891 2187 1008 2238 mutua·

60 2254 153 2313 tarius
167 2264 365 2315 mutuatorem
388 2273 507 2314 servare
528 2255 715 2326 indemnem3
736 2255 789 2315 sed
809 2257 882 2315 talia
901 2267 1006 2318 mutuo

60 2334 228 2393 cxcnnnca
239 2344 317 2393 sunt.
338 2401 343 2409 ,

96 2412 235 2474 Andicet
248 2412 360 2492 aliquid
384 2413 506 2491 exigere
527 2412 556 2470 iu
571 2421 675 2472 mutuo
690 2411 728 2471 ob
742 2411 945 2475 difficultatem
958 2434 1005 2475 re·

59 2493 189 2573 cipieudi
204 2512 346 2551 summam
360 2493 537 2570 capitalem?

97 2570 161 2632 111.
176 2570 216 2632 R.
229 2571 299 2631 Nou
310 2572 381 2630 licet
392 2570 429 2630 ob
440 2570 642 2631 difficultatem
653 2569 842 2642 ordinariam,
856 2571 903 2632 vel
914 2572 1004 2645 illam,

58 2666 146 2733 quam
161 2652 228 2731 quis
242 2651 298 2710 sibi
322 2651 510 2729 imaginatur,
538 2670 566 2708 v.
584 2669 614 2729 g.
637 2650 716 2729 quod
738 2651 846 2727 sorsin
867 2650 1002 2711 manibus

56 2730 229 2791 mutuatarii
243 2751 303 2789 uon
317 2730 356 2788 sit
370 2749 453 2808 eque
468 2729 555 2802 solve,
571 2731 659 2811 quam
672 2730 702 2786 iu
716 2729 852 2789 manibus
866 2730 1003 2809 propriis,

57 2808 136 2890 qubd
155 2810 352 2869 mutuatarius
366 2809 460 2887 possit
479 2807 568 2880 bello,
594 2807 719 2868 fulmine
733 2817 785 2867 aut
798 2808 864 2868 aliie
877 2804 1003 2870 infortu-

56 2890 113 2949 niis
128 2888 335 2969 depauperati,
356 2890 408 2947 &a
422 2887 498 2946 ratio
512 2897 566 2958 est,
592 2888 662 2965 quia
675 2887 705 2944 in
729 2888 795 2947 aliis
808 2891 938 2967 negotiis
951 2899 1003 2950 aut

56 2967 257 3029 contractibus
271 2968 343 3027 talia
355 2967 437 3028 mere
457 2966 608 3044 possibilia
630 2986 689 3025 nou
705 2966 801 3026 solent
816 2988 936 3028 movero
949 2970 1002 3029 bo·

55 3048 166 3108 minem
181 3047 376 3125 prudentem:
396 3065 493 3125 neque
505 3055 665 3124 propterea
678 3047 833 3106 omitteret
845 3049 911 3128 quis
933 3068 1002 3108 ven·

57 3125 128 3189 dere
144 3126 236 3186 dilata
256 3127 412 3197 solutione,
439 3124 478 3184 ob
498 3145 585 3206 quam
610 3123 704 3184 solam
726 3135 826 3186 tamen
849 3147 907 3186 nou
930 3128 1001 3188 licet

55 3206 188 3267 rendere
198 3207 301 3284 pluris,
314 3216 349 3264 ut
362 3206 472 3265 dictum
486 3214 532 3263 est
546 3204 587 3263 N.
599 3206 648 3262 29.

95 3285 222 3345 Licetne
237 3285 349 3365 aliquid
363 3285 494 3362 recipere
507 3284 538 3342 in
552 3294 656 3342 mutuo
670 3283 786 3344 ratione
797 3284 938 3344 absentiae
949 3303 1001 3344 eeu

54 3365 193 3425 carentioe
208 3365 339 3444 pecuniae
353 3367 435 3424 suae?

94 3443 154 3506 lv.
175 3445 214 3504 R.
233 3444 402 3523 Negative3
431 3451 515 3520 patet
535 3461 574 3500 ex
594 3442 838 3502 condemnatione
864 3444 999 3521 proposi-

55 3523 147 3583 tionis
161 3525 209 3581 41.
229 3543 283 3600 per
304 3523 509 3583 Innocentium
533 3520 592 3582 XI.
616 3541 681 3600 quoe
705 3522 747 3580 sic
760 3521 870 3580 babet:
891 3531 910 3559 “
926 3522 1005 3582 Cum

55 3611 245 3663 “numerata
267 3603 392 3681 pecunia
414 3602 575 3682 pretiosior
595 3601 634 3662 rit
648 3621 736 3680 quam
759 3600 950 3675 numeranda,
974 3601 1005 3661 ἃ
1028 3606 1039 3679 ᾗ

489 3684 509 3740 2
529 3698 547 3739 ιι
568 3683 587 3739 3
1036 3682 1039 3689 “
