2160 4034
381 143 428 186 nn
445 143 693 189 commurmus.
951 135 1010 195 son

48 254 251 309 umentorum
260 245 404 308 formasb
414 246 583 324 hujusmodi
594 245 1003 329 consuetudinspraescripta

86 327 183 402 Qubd
196 327 223 387 si
236 324 408 404 hujusmodi
417 325 649 387 consuetudines
660 327 776 385 varient
786 327 816 387 iu
828 327 896 388 loon
909 329 1004 391 domi·

48 405 111 469 tilii
125 406 290 476 testatoris,
311 405 381 465 &in
395 405 473 476 loco,
490 405 541 463 nbi
554 424 603 463 res
617 405 675 465 sita
688 416 751 475 est;
771 416 834 465 tum
843 407 934 485 juxta
946 421 1002 471 art.

48 486 100 547 lo.
112 487 198 547 cituti
211 485 303 545 edicti
316 484 412 543 videri
432 494 574 562 poterunt
595 484 753 563 sequendas
774 488 1002 550 consuetudines

48 566 113 636 oui.
134 565 186 625 nbi
207 585 256 625 res
275 564 335 639 nitu
346 573 409 623 est:
431 565 533 623 vorum
548 563 646 634 bodie,
666 565 709 623 sit
728 564 905 626 Stoclrmaos
924 567 1003 627 deci-

48 644 136 704 sione
145 647 174 714 9,
189 645 252 703 sine
263 643 448 702 haesitatione
457 641 634 720 judicamus,
645 643 778 703 sufficere
789 645 1001 719 solemnitates,

48 723 331 865 imbibit:
347 721 696 861 ldntlittlltl‘
717 722 887 863 ”litii
901 729 1000 866 ild

98 824 128 863 nr
212 824 229 863 u
689 843 697 861 .
856 825 873 864 e

48 894 181 943 mentum
194 902 213 942 a
226 881 379 943 Brabanto
393 880 505 939 factum
519 880 628 941 Leodii
649 881 810 941 secundnm
823 883 907 961 leges
924 886 1001 945 beo·

48 961 176 1031 dienses,
197 958 248 1021 nbi
264 971 392 1021 testator
403 980 463 1021 non
477 958 568 1019 debet
582 959 775 1032 subscribere,
798 962 889 1041 idque
909 965 1000 1024 etiam

48 1040 82 1101 le
98 1041 185 1101 bonis
199 1041 265 1100 sitis
279 1040 309 1099 in
325 1039 499 1099 Brabantia.

88 1121 248 1191 sinamur,
262 1119 360 1198 inquit
374 1119 453 1179 idem
468 1118 600 1188 Anthou,
614 1118 747 1197 qondam
757 1120 948 1201 requirantur
962 1123 1000 1182 nd

48 1199 182 1261 valorem
195 1199 367 1260 testamenti
375 1217 435 1258 nou
444 1207 585 1278 tanquam
597 1198 801 1259 solemnitates
812 1202 997 1273 extrinsece,

48 1279 99 1341 red
112 1279 208 1339 veluti
221 1279 426 1339 solemnitates
444 1276 669 1339 substantialem
688 1280 858 1339 testamenti
873 1280 999 1358 disposi-

48 1358 159 1418 tionem
173 1358 334 1418 intrinsece
352 1357 556 1426 informantes,
578 1367 612 1415 ut
632 1358 658 1415 si
678 1358 862 1417 consuetudo
880 1358 938 1419 loci
951 1380 999 1420 re·

49 1434 997 1593 litabitdiffiditis*litzi⁰bz⁹ttitlii?‘⁰”⁸

81 1597 135 1657 lta
143 1595 314 1657 Mecblinire
326 1597 356 1655 in
369 1595 566 1663 testamentis,
577 1594 684 1672 quibus
693 1616 769 1657 unns
783 1599 944 1675 conjugum
955 1599 997 1657 al·

49 1686 143 1737 lerum
159 1676 290 1737 institnit
303 1674 462 1745 haeredem,
476 1685 639 1752 praesentes
652 1695 716 1735 esse
730 1675 841 1735 debent
851 1677 910 1736 duo
926 1679 997 1738 Sca·

49 1753 107 1815 bini
124 1755 227 1823 urbis;
246 1774 313 1845 qum
327 1753 498 1814 solemnitas
512 1753 555 1812 its
567 1755 733 1814 necessarie
745 1767 801 1826 est,
827 1767 859 1815 ut
881 1758 906 1814 ei
928 1758 995 1837 quis

49 1833 184 1895 instituat
196 1852 354 1911 conjugem
363 1831 520 1902 heredem,
535 1833 679 1892 &condat
688 1845 900 1895 testamentum
915 1856 995 1897 eom-

49 1914 124 1973 uuni
138 1914 199 1973 ritu
217 1933 253 1973 eo
268 1913 297 1973 lu
312 1912 388 1982 loco,
407 1911 460 1970 ubi
474 1912 536 1971 hmo
550 1912 723 1973 solemnitas
741 1934 800 1993 npn
815 1916 990 1993 requiritur,

49 2004 111 2071 agi
131 1990 295 2060 Bruxellis,
318 1991 429 2051 dictum
453 2001 663 2052 testamentum
684 2012 743 2052 non
764 1994 804 2053 sit
823 1994 994 2055 habiturum

49 2072 186 2133 rffectam
199 2072 228 2131 in
244 2069 329 2131 bonis
343 2071 466 2131 ditionis
479 2069 713 2131 Meublinieusis.

79 2152 231 2213 Similiter
244 2151 269 2208 si
287 2149 479 2220 consuetudo,
500 2149 553 2209 ubi
575 2150 728 2210 testatoris
748 2150 825 2210 bons
843 2152 903 2212 sita
914 2166 993 2229 sunt,

49 2231 201 2293 nobib'eat
211 2250 248 2289 ea
256 2229 397 2298 alienare,
411 2238 536 2289 testator
544 2227 583 2288 de
595 2229 633 2287 iis
645 2229 803 2308 disponere
812 2252 872 2290 non
880 2236 995 2310 poterit

49 2312 176 2373 aiacem
200 2310 230 2369 io
253 2309 327 2379 loco,
350 2309 402 2368 ubi
425 2308 529 2368 similis
547 2311 730 2368 consuetudo
749 2329 809 2369 uon
827 2313 927 2389 vigete
949 2315 993 2374 ita

49 2398 110 2469 agi
124 2389 260 2451 Flendsr
280 2389 412 2449 cantens
436 2387 468 2447 iu
488 2387 653 2449 Brabsntia
673 2407 731 2447 non
755 2388 822 2465 plns
844 2410 933 2471 qnam
953 2395 992 2455 de

49 2469 133 2531 ertia
146 2478 233 2547 purte
245 2468 389 2527 bonorum
398 2466 653 2527 lmreditariorom
664 2466 693 2525 in
705 2467 848 2528 Flnndria
865 2471 992 2533 sitorum

49 2548 202 2689 bsgpners
214 2547 310 2606 valide
323 2546 443 2625 poterit.

125 2620 322 2687 nsuetudiues
336 2625 483 2703 Principis
501 2624 622 2685 decreto
639 2645 699 2685 nun
713 2626 922 2704 comprobate,
942 2650 989 2691 ce-

49 2707 111 2769 lere
125 2706 237 2767 debent
250 2706 349 2765 edicto
362 2715 517 2783 perpetuo.

76 2786 119 2849 V·
140 2789 189 2846 2⁰.
211 2786 270 2845 Ubi
285 2805 343 2845 uon
358 2796 427 2843 suot
441 2784 516 2844 tales
530 2783 767 2855 consuetudines,
788 2787 927 2848 standum
939 2802 987 2851 est

50 2864 278 2929 ulemnitatibus
303 2865 483 2943 prescriptis
506 2865 537 2922 in
551 2864 657 2924 eodem
676 2864 785 2936 edicto,
803 2864 895 2944 juxta
907 2873 988 2950 quod

94 2944 222 3007 niritur:

50 2964 129 3085 ⁸19.
151 3026 195 3085 Ut
215 3025 245 3083 in
265 3023 446 3083 conficiendo
460 3031 640 3083 testamento
653 3022 752 3082 adsint
763 3024 803 3083 ad
816 3026 914 3087 minus
927 3029 987 3091 duo

50 3109 133 3165 :butes
146 3105 227 3165 omni
242 3104 417 3182 exceptione
431 3102 569 3180 majorca,
586 3103 642 3163 boc
655 3112 710 3173 est,
725 3105 856 3176 masculi,
870 3111 987 3167 nonin·

50 3184 133 3243 buras
156 3196 189 3244 et
216 3182 352 3262 puberes,
380 3183 430 3260 qui
453 3201 561 3260 nempe
583 3181 783 3260 impleverunt
806 3204 914 3245 annum
941 3190 986 3247 14.

50 3263 146 3323 utatis.
175 3263 341 3322 Monachus
354 3271 455 3340 potest
468 3280 533 3320 esse
547 3261 633 3321 testis
650 3261 742 3321 etiam
755 3263 819 3322 sine
832 3266 878 3322 sui
893 3267 987 3345 Supe-

50 3343 128 3403 rioris
139 3343 269 3412 liuentia,
286 3352 318 3400 nt
327 3342 418 3402 habet
433 3340 609 3401 Stookmans
622 3341 772 3401 decisione
786 3347 815 3401 5.

80 3422 199 3483 Deinde
213 3433 305 3482 testes
319 3442 377 3480 non
393 3431 516 3499 possunt
529 3440 567 3479 ex
579 3430 757 3481 testamento
768 3422 895 3499 aliquam
907 3427 986 3487 utili·

50 3510 133 3577 lsiem
154 3512 326 3580 reportare:
348 3521 388 3559 ex
401 3521 461 3579 quo
475 3518 657 3581 consequens
675 3511 730 3570 est,
751 3500 898 3561 buredem
920 3509 986 3566 uni·

50 3580 184 3641 maulam
196 3602 254 3641 non
265 3600 353 3658 posse
364 3578 499 3639 odbiberi
507 3589 646 3661 tanquam
658 3591 764 3640 testem
778 3586 985 3661 necessarium,

51 3680 97 3721 nec
105 3662 196 3722 etiam
205 3671 396 3721 executorem
406 3657 614 3799 uni⁷2⁰m3¹⁰m’
625 3662 677 3742 qni
685 3658 807 3722 estloco
818 3661 986 3733 haeredum:
1030 3726 1032 3731 ,

500 3756 519 3799 u
