2160 4034
342 125 404 168 uu
423 123 671 169 oonraaorruue.
950 115 1012 173 319

49 232 154 312 *umpi
164 232 300 313 jusserit,
314 239 365 294 tro.
377 233 482 293 vordm
493 233 524 292 i'u
532 232 683 327 'aliquibus
695 232 769 294 looie
781 252 854 294 usos
865 200 964 308 habet
975 247 1009 296 ut

49 325 217 374 revoootur
230 332 329 372 ooram
344 313 474 372 Notario
487 314 514 371 dn
527 313 662 372 testibus.

86 392 294 466 Quaudouam
309 403 522 452 tastamentum
535 412 555 450 a
562 392 666 470 jodiou
674 392 884 467 resoiuditur?

86 470 151 533 VI.
174 473 213 532 R.
227 474 304 535 Jure
318 472 464 542 Romano,
478 471 548 530 dum
562 471 660 553 aliqua
668 471 767 550 prolea
777 475 1006 550 oratpraeterita

49 549 118 610 uiua
130 571 221 610 oauea
233 552 264 609 in
278 558 458 610 testamento
471 551 699 628 parentumve!
713 572 772 610 uon
787 551 916 611 habebat
929 553 1005 614 inte-

49 646 138 708 gram
160 629 326 709 legitimam
350 628 470 699 salvam,
495 629 596 723 proles
619 630 671 688 illa
694 629 822 691 habebat
848 633 1005 704 notionem,

49 728 120 787 quar
131 710 295 770 vooabatur
308 709 471 783 “Querela
493 709 648 768 moffioiori
662 712 859 781 testamenti,”
872 717 898 769 dr
908 711 1005 788 judex

49 808 140 927 32⁵³
165 787 1004 928 tttitnttttittittttttti‘itttttt

50 945 106 1008 bna
117 911 275 1025 ‘legitima
299 949 343 1006 ita
353 957 389 1007 ut
402 948 432 1005 in
448 948 520 1024 jure
533 888 598 1006 eain
613 947 728 1025 possint
740 947 864 1026 exigere
885 890 1001 1027 etpejuo

51 1027 289 1106 supplementum
302 1039 414 1104 petere,
429 1027 454 1085 ri
463 1027 581 1104 integra
590 1027 695 1086 reliota
704 1046 762 1086 non
774 1030 822 1099 rit,
836 1048 871 1086 ao
881 1039 1003 1087 eatenus

53 1107 172 1184 quasvis
193 1107 368 1165 donationes
381 1112 407 1165 tr
420 1104 632 1184 dispositiones
645 1116 802 1184 parentum
822 1107 1001 1170 rescindere.

91 1186 251 1260 Quomodo
265 1196 475 1245 tastamentum
492 1184 583 1245 debet
595 1186 729 1263 aperiri?
914 1205 918 1209 ·

90 1265 167 1327 VH.
180 1266 219 1324 R.
235 1266 317 1325 Olim
328 1285 361 1323 re
383 1263 536 1323 nitebatur
546 1266 654 1323 iterum
669 1265 802 1345 quaedam
816 1265 1002 1332 solemnitoar

53 1344 103 1404 ted
121 1344 222 1414 hodie,
242 1343 284 1403 ait
299 1345 371 1404 Stoo
393 1362 476 1403 mana
495 1344 646 1404 deoiaione
669 1347 714 1403 13.
735 1344 815 1403 nulla
828 1346 1000 1405 solemnitas

55 1424 185 1502 exigitur
208 1423 239 1481 iu
261 1423 424 1502 operiendo
447 1432 637 1494 testamento,
661 1424 779 1502 quando
800 1425 831 1483 iu
853 1444 889 1484 eo
910 1427 1001 1485 oonfi-

56 1503 155 1563 tiendo
170 1503 315 1562 Notarius
329 1501 479 1561 adhibitus
492 1502 559 1560 fuit.

87 1581 267 1660 Speoialiter
280 1582 421 1641 statuitur
434 1582 465 1640 in
486 1581 595 1659 Belgio
615 1581 714 1640 edioto
735 1581 772 1640 de
791 1583 1000 1643 6Deoembris

58 1662 136 1721 1586.
157 1671 193 1720 ut
214 1665 314 1720 omnia
334 1671 513 1721 testamento
535 1660 613 1719 infra
625 1663 666 1718 40
678 1661 742 1719 dies
756 1682 774 1719 a
787 1676 885 1721 morte
906 1674 998 1722 testo·

54 1741 121 1800 torio
136 1742 391 1800 oommunioentur
404 1738 570 1799 haeredibua
584 1739 690 1799 ataliie
703 1742 848 1800 inteream
863 1741 999 1802 habenti·

52 1817 109 1890 bur,
124 1820 301 1899 inquantum
315 1820 382 1878 illos
395 1818 562 1897 respective
575 1829 766 1878 oonoeruunt.

84 1900 171 1974 Quid
184 1899 402 1958 observandum
416 1900 495 1957 oiroa
507 1899 713 1959 executionem
728 1901 922 1960 tentamenti?

82 1979 180 2040 v111.
200 1979 239 2038 R.
264 1979 368 2037 Hares
382 1979 445 2037 eive
461 1979 497 2037 ab
512 1979 664 2048 intestato,
677 1981 740 2039 eine
755 1998 794 2038 ex
808 1990 997 2051 testamento,

49 2060 115 2119 rive
124 2058 309 2118 uooearariua
324 2058 387 2117 aive
399 2076 459 2118 nou
471 2054 775 2136 necessarius-,potem
784 2070 939 2137 aooeptare
950 2060 999 2119 vel

49 2138 205 2217 repudiare
219 2137 440 2207 hoereditatem
460 2137 532 2195 item
553 2147 654 2214 potent
667 2156 731 2195 eam
747 2151 905 2217 oooeptare
923 2158 999 2217 puro

49 2216 269 2295 iraimplioiter,
292 2216 338 2275 vel
354 2215 408 2275 rub
418 2216 566 2275 beneficio
581 2215 750 2288 inventarii,
772 2218 830 2276 nisi
843 2218 924 2278 forte
936 2229 996 2278 tos·

49 2307 126 2357 utor
140 2297 172 2355 id
187 2296 382 2374 prohibuerit.
584 2338 587 2345 -
698 2309 718 2343 -·-
790 2326 793 2331 -
966 2306 981 2343 ’-

80 2376 245 2436 Minimum
260 2387 386 2452 mmpue,
401 2373 481 2452 quod
487 2372 540 2431 -hio
553 2372 662 2432 harodi
674 2374 795 2432 oonuedi
809 2377 886 2434 tolet
896 2376 933 2434 ad
945 2377 996 2436 de·

49 2455 240 2524 ,iburauduun
254 2474 290 2512 an
305 2454 379 2512 velit
392 2452 597 2513 hereditatem
621 2463 784 2530 aooeptare,
798 2466 846 2512 eet
865 2448 994 2533 spatium

49 2538 111 2594 too.
125 2535 252 2602 dierum,
276 2534 437 2592 maximum
452 2535 471 2589 9
485 2530 649 2592 mentium:
671 2531 801 2592 medium
815 2544 934 2613 tempus
947 2554 996 2592 or-

49 2613 260 2692 titriojodioie
272 2613 409 2672 relietum
424 2622 479 2670 ost.

82 2694 167 2768 Quid
181 2694 205 2752 ti
219 2692 321 2752 debita
334 2691 467 2750 defuncti
481 2689 628 2750 excedunt
640 2691 719 2749 vireo
734 2691 939 2753 hereditatis?

81 2774 122 2834 R.
146 2773 178 2833 Si
189 2772 291 2831 horres
310 2771 417 2830 adierit
432 2770 633 2829 haereditatem
649 2772 760 2849 absque
784 2770 928 2831 beneficio
948 2773 993 2831 in-

49 2852 180 2923 teotarii,
195 2870 249 2929 per
261 2851 425 2910 creditores
440 2850 505 2927 oogi
520 2861 621 2926 potest
630 2850 668 2908 ad
679 2851 777 2909 omnio
787 2849 888 2910 debita
903 2863 993 2912 testa·

49 2932 117 2991 torio
139 2931 345 3009 perrolvenda,
364 2950 419 2988 noo
439 2928 566 3008 amplids
584 2928 612 2987 ei
626 2926 751 2988 liberum
766 2931 991 2992 erithaeredita·

49 3023 101 3071 tour
116 3011 288 3089 repudiare.
484 3030 487 3035 ·
673 3048 676 3053 -

80 3090 143 3151 IX.
163 3091 285 3149 Diuitur
299 3089 362 3148 sine
377 3087 520 3151 beneficio
533 3088 710 3157 inventarii}
728 3089 868 3170 quiahoc
882 3090 993 3151 benefi-

49 3170 119 3229 oium
137 3180 271 3249 proritat,
295 3172 340 3226 10.
362 3170 406 3228 Ut
425 3164 521 3229 liaeree
540 3187 599 3226 uon
620 3178 758 3226 teneatur
778 3169 844 3247 plus
864 3172 993 3240 solvere,-

49 3249 252 3388 i'i‘iiniffl
264 3248 571 3387 titzni‘ttsssst‘it
593 3248 987 3390 inii‘ii'iidi‘ii'iii

49 3350 136 3486 puduit
149 3408 297 3467 deducere
312 3427 456 3485 expensas
480 3349 603 3464 itinerisq
614 3371 775 3478 tentatorie,
798 3370 930 3486 &ipsius
944 3409 989 3467 iu·

49 3487 179 3549 teotarii.
198 3490 246 3546 40.
288 3488 331 3546 Ut
350 3487 427 3544 eirea
442 3486 574 3543 ordinem
589 3485 615 3544 a
628 3486 847 3566 proferentium
861 3488 988 3548 oredito-

49 3586 107 3629 mm
120 3586 181 3628 nou
195 3566 303 3628 debeat
316 3587 381 3627 esse
395 3566 536 3702 rolioiztus.
550 3646 570 3701 8

469 3655 479 3673 ⁴
507 3661 531 3701 u
