<?xml version="1.0" encoding="UTF-8"?>
<!DOCTYPE html PUBLIC "-//W3C//DTD XHTML 1.0 Transitional//EN"
    "http://www.w3.org/TR/xhtml1/DTD/xhtml1-transitional.dtd">
<html xmlns="http://www.w3.org/1999/xhtml" xml:lang="en" lang="en">
 <head>
  <title>
</title>
<meta http-equiv="Content-Type" content="text/html;charset=utf-8" />
  <meta name='ocr-system' content='tesseract 3.04.00' />
  <meta name='ocr-capabilities' content='ocr_page ocr_carea ocr_par ocr_line ocrx_word'/>
</head>
<body>
  <div class='ocr_page' id='page_1' title='image "./theologiamorali01densgoog_0250.png"; bbox 0 0 2160 4034; ppageno 0'>
   <div class='ocr_carea' id='block_1_1' title="bbox 305 152 978 217">
    <p class='ocr_par' dir='ltr' id='par_1_1' title="bbox 305 152 978 217">
     <span class='ocr_line' id='line_1_1' title="bbox 305 152 978 217; baseline 0.004 -3"><span class='ocrx_word' id='word_1_1' title='bbox 305 171 348 214; x_wconf 82' lang='lat' dir='ltr'><strong>nu</strong></span> <span class='ocrx_word' id='word_1_2' title='bbox 367 165 449 214; x_wconf 77' lang='lat' dir='ltr'><strong>cunr</strong></span> <span class='ocrx_word' id='word_1_3' title='bbox 461 168 505 214; x_wconf 83' lang='lat' dir='ltr'><strong>ur</strong></span> <span class='ocrx_word' id='word_1_4' title='bbox 523 168 679 216; x_wconf 77' lang='lat' dir='ltr'><strong>totamm.</strong></span> <span class='ocrx_word' id='word_1_5' title='bbox 918 152 978 217; x_wconf 69' lang='grc'><strong>239</strong></span> 
     </span>
    </p>
   </div>
   <div class='ocr_carea' id='block_1_2' title="bbox 36 275 980 3292">
    <p class='ocr_par' dir='ltr' id='par_1_2' title="bbox 37 275 980 433">
     <span class='ocr_line' id='line_1_2' title="bbox 37 275 980 357; baseline 0.006 -23"><span class='ocrx_word' id='word_1_6' title='bbox 37 294 84 353; x_wconf 87' lang='lat' dir='ltr'><strong>pro</strong></span> <span class='ocrx_word' id='word_1_7' title='bbox 100 275 217 337; x_wconf 89' lang='lat' dir='ltr'><strong>damnis</strong></span> <span class='ocrx_word' id='word_1_8' title='bbox 230 275 346 336; x_wconf 88' lang='lat' dir='ltr'><strong>ratione</strong></span> <span class='ocrx_word' id='word_1_9' title='bbox 359 276 483 336; x_wconf 72' lang='lat' dir='ltr'><strong>abortiis</strong></span> <span class='ocrx_word' id='word_1_10' title='bbox 496 278 623 336; x_wconf 76' lang='lat' dir='ltr'><strong>secutisr</strong></span> <span class='ocrx_word' id='word_1_11' title='bbox 643 297 672 336; x_wconf 85' lang='lat' dir='ltr'><strong>v.</strong></span> <span class='ocrx_word' id='word_1_12' title='bbox 685 295 715 356; x_wconf 87' lang='lat' dir='ltr'><strong>g.</strong></span> <span class='ocrx_word' id='word_1_13' title='bbox 729 275 809 357; x_wconf 86' lang='lat' dir='ltr'><strong>qubd</strong></span> <span class='ocrx_word' id='word_1_14' title='bbox 822 275 980 340; x_wconf 79' lang='lat' dir='ltr'><strong>hareditas</strong></span> 
     </span>
     <span class='ocr_line' id='line_1_3' title="bbox 37 352 684 433; baseline 0.002 -19"><span class='ocrx_word' id='word_1_15' title='bbox 37 355 64 415; x_wconf 80' lang='lat' dir='ltr'><strong>td</strong></span> <span class='ocrx_word' id='word_1_16' title='bbox 78 356 170 415; x_wconf 85' lang='lat' dir='ltr'><strong>aliam</strong></span> <span class='ocrx_word' id='word_1_17' title='bbox 184 355 327 414; x_wconf 87' lang='lat' dir='ltr'><strong>familiam</strong></span> <span class='ocrx_word' id='word_1_18' title='bbox 337 355 447 415; x_wconf 88' lang='lat' dir='ltr'><strong>idcireo</strong></span> <span class='ocrx_word' id='word_1_19' title='bbox 460 356 623 433; x_wconf 78' lang='lat' dir='ltr'><strong>&#39;transitura</strong></span> <span class='ocrx_word' id='word_1_20' title='bbox 635 352 684 415; x_wconf 78' lang='lat' dir='ltr'><strong>sib.</strong></span> 
     </span>
    </p>

    <p class='ocr_par' dir='ltr' id='par_1_3' title="bbox 65 434 980 516">
     <span class='ocr_line' id='line_1_4' title="bbox 65 434 980 516; baseline 0.002 -21"><span class='ocrx_word' id='word_1_21' title='bbox 65 435 205 495; x_wconf 87' lang='lat' dir='ltr'><strong>Abortui</strong></span> <span class='ocrx_word' id='word_1_22' title='bbox 218 435 311 494; x_wconf 87' lang='lat' dir='ltr'><strong>affinis</strong></span> <span class='ocrx_word' id='word_1_23' title='bbox 325 444 372 494; x_wconf 83' lang='lat' dir='ltr'><strong>est</strong></span> <span class='ocrx_word' id='word_1_24' title='bbox 392 436 546 516; x_wconf 77' lang='lat' dir='ltr'><strong>oppressio</strong></span> <span class='ocrx_word' id='word_1_25' title='bbox 566 434 659 514; x_wconf 88' lang='lat' dir='ltr'><strong>prolis</strong></span> <span class='ocrx_word' id='word_1_26' title='bbox 673 434 719 515; x_wconf 92' lang='lat' dir='ltr'><strong>(in</strong></span> <span class='ocrx_word' id='word_1_27' title='bbox 730 436 820 495; x_wconf 84' lang='lat' dir='ltr'><strong>variis</strong></span> <span class='ocrx_word' id='word_1_28' title='bbox 835 435 980 497; x_wconf 90' lang='lat' dir='ltr'><strong>Dioeeesi·</strong></span> 
     </span>
    </p>

    <p class='ocr_par' dir='ltr' id='par_1_4' title="bbox 36 513 978 1705">
     <span class='ocr_line' id='line_1_5' title="bbox 37 513 978 610; baseline 0.005 -38"><span class='ocrx_word' id='word_1_29' title='bbox 37 532 83 573; x_wconf 74' lang='lat' dir='ltr'><strong>rus</strong></span> <span class='ocrx_word' id='word_1_30' title='bbox 98 513 268 596; x_wconf 85' lang='lat' dir='ltr'><strong>reservata)</strong></span> <span class='ocrx_word' id='word_1_31' title='bbox 280 535 344 594; x_wconf 85' lang='lat' dir='ltr'><strong>quae</strong></span> <span class='ocrx_word' id='word_1_32' title='bbox 357 525 404 574; x_wconf 88' lang='lat' dir='ltr'><strong>est</strong></span> <span class='ocrx_word' id='word_1_33' title='bbox 414 514 565 574; x_wconf 90' lang='lat' dir='ltr'><strong>homicidii</strong></span> <span class='ocrx_word' id='word_1_34' title='bbox 579 514 628 574; x_wconf 88' lang='lat' dir='ltr'><strong>vel</strong></span> <span class='ocrx_word' id='word_1_35' title='bbox 640 514 776 593; x_wconf 87' lang='lat' dir='ltr'><strong>paricidii</strong></span> <span class='ocrx_word' id='word_1_36' title='bbox 790 516 978 610; x_wconf 65' lang='lat' dir='ltr'><strong>speciesque</strong></span> 
     </span>
     <span class='ocr_line' id='line_1_6' title="bbox 37 592 976 676; baseline 0.004 -24"><span class='ocrx_word' id='word_1_37' title='bbox 37 595 95 676; x_wconf 65' lang='lat' dir='ltr'><strong>[uis</strong></span> <span class='ocrx_word' id='word_1_38' title='bbox 117 592 229 654; x_wconf 88' lang='lat' dir='ltr'><strong>liberos</strong></span> <span class='ocrx_word' id='word_1_39' title='bbox 249 594 383 665; x_wconf 84' lang='lat' dir='ltr'><strong>suffocat,</strong></span> <span class='ocrx_word' id='word_1_40' title='bbox 405 603 457 652; x_wconf 90' lang='lat' dir='ltr'><strong>ant</strong></span> <span class='ocrx_word' id='word_1_41' title='bbox 470 613 656 673; x_wconf 89' lang='lat' dir='ltr'><strong>quocumque</strong></span> <span class='ocrx_word' id='word_1_42' title='bbox 670 594 758 654; x_wconf 91' lang='lat' dir='ltr'><strong>modo</strong></span> <span class='ocrx_word' id='word_1_43' title='bbox 780 603 892 666; x_wconf 81' lang='lat' dir='ltr'><strong>enecat,</strong></span> <span class='ocrx_word' id='word_1_44' title='bbox 913 615 976 657; x_wconf 79' lang='lat' dir='ltr'><strong>stre</strong></span> 
     </span>
     <span class='ocr_line' id='line_1_7' title="bbox 37 672 977 753; baseline 0.01 -27"><span class='ocrx_word' id='word_1_45' title='bbox 37 673 152 733; x_wconf 84' lang='lat' dir='ltr'><strong>unniuo</strong></span> <span class='ocrx_word' id='word_1_46' title='bbox 166 672 333 733; x_wconf 73' lang='lat' dir='ltr'><strong>voluntarie</strong></span> <span class='ocrx_word' id='word_1_47' title='bbox 346 674 373 731; x_wconf 76' lang='lat' dir='ltr'><strong>a</strong></span> <span class='ocrx_word' id='word_1_48' title='bbox 387 672 508 744; x_wconf 88' lang='lat' dir='ltr'><strong>directe,</strong></span> <span class='ocrx_word' id='word_1_49' title='bbox 530 673 592 731; x_wconf 85' lang='lat' dir='ltr'><strong>sire</strong></span> <span class='ocrx_word' id='word_1_50' title='bbox 606 673 763 753; x_wconf 64' lang='lat' dir='ltr'><strong>casualiter</strong></span> <span class='ocrx_word' id='word_1_51' title='bbox 777 674 803 732; x_wconf 67' lang='lat' dir='ltr'><strong>da</strong></span> <span class='ocrx_word' id='word_1_52' title='bbox 817 674 977 735; x_wconf 87' lang='lat' dir='ltr'><strong>seeundum</strong></span> 
     </span>
     <span class='ocr_line' id='line_1_8' title="bbox 37 751 977 831; baseline 0.004 -21"><span class='ocrx_word' id='word_1_53' title='bbox 37 752 110 831; x_wconf 61' lang='lat' dir='ltr'><strong>puid,</strong></span> <span class='ocrx_word' id='word_1_54' title='bbox 126 764 161 812; x_wconf 89' lang='lat' dir='ltr'><strong>ut</strong></span> <span class='ocrx_word' id='word_1_55' title='bbox 174 752 239 812; x_wconf 86' lang='lat' dir='ltr'><strong>fieri</strong></span> <span class='ocrx_word' id='word_1_56' title='bbox 249 752 335 822; x_wconf 88' lang='lat' dir='ltr'><strong>solet,</strong></span> <span class='ocrx_word' id='word_1_57' title='bbox 350 773 377 808; x_wconf 83' lang='lat' dir='ltr'><strong>v.</strong></span> <span class='ocrx_word' id='word_1_58' title='bbox 385 772 416 831; x_wconf 90' lang='lat' dir='ltr'><strong>g.</strong></span> <span class='ocrx_word' id='word_1_59' title='bbox 430 751 547 830; x_wconf 90' lang='lat' dir='ltr'><strong>quando</strong></span> <span class='ocrx_word' id='word_1_60' title='bbox 558 751 683 812; x_wconf 89' lang='lat' dir='ltr'><strong>tenellos</strong></span> <span class='ocrx_word' id='word_1_61' title='bbox 694 751 821 811; x_wconf 83' lang='lat' dir='ltr'><strong>infantes</strong></span> <span class='ocrx_word' id='word_1_62' title='bbox 832 752 977 814; x_wconf 86' lang='lat' dir='ltr'><strong>collocant</strong></span> 
     </span>
     <span class='ocr_line' id='line_1_9' title="bbox 37 830 976 913; baseline 0.003 -23"><span class='ocrx_word' id='word_1_63' title='bbox 37 851 128 891; x_wconf 87' lang='lat' dir='ltr'><strong>ecum</strong></span> <span class='ocrx_word' id='word_1_64' title='bbox 143 833 173 891; x_wconf 89' lang='lat' dir='ltr'><strong>in</strong></span> <span class='ocrx_word' id='word_1_65' title='bbox 187 830 292 891; x_wconf 87' lang='lat' dir='ltr'><strong>eodem</strong></span> <span class='ocrx_word' id='word_1_66' title='bbox 313 830 402 903; x_wconf 89' lang='lat' dir='ltr'><strong>lecto,</strong></span> <span class='ocrx_word' id='word_1_67' title='bbox 426 832 486 913; x_wconf 86' lang='lat' dir='ltr'><strong>qui</strong></span> <span class='ocrx_word' id='word_1_68' title='bbox 500 831 679 910; x_wconf 75' lang='lat' dir='ltr'>regulariter</span> <span class='ocrx_word' id='word_1_69' title='bbox 692 831 710 890; x_wconf 73' lang='lat' dir='ltr'><strong>b</strong></span> <span class='ocrx_word' id='word_1_70' title='bbox 723 843 844 910; x_wconf 86' lang='lat' dir='ltr'><strong>peccato</strong></span> <span class='ocrx_word' id='word_1_71' title='bbox 857 832 976 896; x_wconf 71' lang='lat' dir='ltr'><strong>mortali</strong></span> 
     </span>
     <span class='ocr_line' id='line_1_10' title="bbox 37 910 912 995; baseline 0.002 -25"><span class='ocrx_word' id='word_1_72' title='bbox 37 911 164 970; x_wconf 45' lang='lat' dir='ltr'><strong>*sensuri</strong></span> <span class='ocrx_word' id='word_1_73' title='bbox 178 932 236 970; x_wconf 91' lang='lat' dir='ltr'><strong>nou</strong></span> <span class='ocrx_word' id='word_1_74' title='bbox 250 922 375 990; x_wconf 80' lang='lat' dir='ltr'><strong>possunt</strong></span> <span class='ocrx_word' id='word_1_75' title='bbox 387 921 511 990; x_wconf 89' lang='lat' dir='ltr'><strong>propter</strong></span> <span class='ocrx_word' id='word_1_76' title='bbox 525 910 724 995; x_wconf 77' lang='lat' dir='ltr'>oppressionis</span> <span class='ocrx_word' id='word_1_77' title='bbox 738 910 912 988; x_wconf 88' lang='lat' dir='ltr'><strong>periculum.</strong></span> 
     </span>
     <span class='ocr_line' id='line_1_11' title="bbox 44 989 974 1069; baseline 0.002 -18"><span class='ocrx_word' id='word_1_78' title='bbox 44 990 47 994; x_wconf 64' lang='grc'><strong><em>’</em></strong></span> <span class='ocrx_word' id='word_1_79' title='bbox 64 990 171 1051; x_wconf 86' lang='lat' dir='ltr'>Simile</span> <span class='ocrx_word' id='word_1_80' title='bbox 185 989 337 1069; x_wconf 86' lang='lat' dir='ltr'><strong>peccatum</strong></span> <span class='ocrx_word' id='word_1_81' title='bbox 352 989 550 1061; x_wconf 87' lang='lat' dir='ltr'><strong>committunt,</strong></span> <span class='ocrx_word' id='word_1_82' title='bbox 565 989 625 1068; x_wconf 86' lang='lat' dir='ltr'><strong>qui,</strong></span> <span class='ocrx_word' id='word_1_83' title='bbox 640 990 788 1049; x_wconf 81' lang='lat' dir='ltr'><strong>othomari</strong></span> <span class='ocrx_word' id='word_1_84' title='bbox 802 1010 856 1050; x_wconf 83' lang='lat' dir='ltr'><strong>suo</strong></span> <span class='ocrx_word' id='word_1_85' title='bbox 868 1011 974 1053; x_wconf 83' lang='lat' dir='ltr'><strong>conau-</strong></span> 
     </span>
     <span class='ocr_line' id='line_1_12' title="bbox 37 1068 971 1149; baseline 0.003 -20"><span class='ocrx_word' id='word_1_86' title='bbox 37 1081 97 1142; x_wconf 87' lang='lat' dir='ltr'><strong>ant‚</strong></span> <span class='ocrx_word' id='word_1_87' title='bbox 117 1070 218 1149; x_wconf 87' lang='lat' dir='ltr'><strong>proles</strong></span> <span class='ocrx_word' id='word_1_88' title='bbox 236 1071 404 1135; x_wconf 83' lang='lat' dir='ltr'><strong>clamnatas</strong></span> <span class='ocrx_word' id='word_1_89' title='bbox 421 1068 493 1128; x_wconf 86' lang='lat' dir='ltr'><strong>alibi</strong></span> <span class='ocrx_word' id='word_1_90' title='bbox 512 1069 666 1147; x_wconf 88' lang='lat' dir='ltr'><strong>exponunt</strong></span> <span class='ocrx_word' id='word_1_91' title='bbox 685 1089 751 1128; x_wconf 90' lang='lat' dir='ltr'><strong>cum</strong></span> <span class='ocrx_word' id='word_1_92' title='bbox 770 1071 913 1149; x_wconf 90' lang='lat' dir='ltr'><strong>periculo,</strong></span> <span class='ocrx_word' id='word_1_93' title='bbox 932 1092 971 1132; x_wconf 87' lang='lat' dir='ltr'><strong>ne</strong></span> 
     </span>
     <span class='ocr_line' id='line_1_13' title="bbox 36 1147 975 1231; baseline 0.002 -23"><span class='ocrx_word' id='word_1_94' title='bbox 36 1154 103 1231; x_wconf 74' lang='lat' dir='ltr'><strong>ame</strong></span> <span class='ocrx_word' id='word_1_95' title='bbox 112 1149 161 1208; x_wconf 88' lang='lat' dir='ltr'><strong>vel</strong></span> <span class='ocrx_word' id='word_1_96' title='bbox 170 1149 282 1229; x_wconf 84' lang='lat' dir='ltr'><strong>frigore</strong></span> <span class='ocrx_word' id='word_1_97' title='bbox 293 1149 467 1218; x_wconf 86' lang='lat' dir='ltr'><strong>moriantur,</strong></span> <span class='ocrx_word' id='word_1_98' title='bbox 480 1150 561 1208; x_wconf 73' lang='lat' dir='ltr'><strong>autb</strong></span> <span class='ocrx_word' id='word_1_99' title='bbox 573 1147 677 1208; x_wconf 78' lang='lat' dir='ltr'><strong>bestiis</strong></span> <span class='ocrx_word' id='word_1_100' title='bbox 686 1149 881 1210; x_wconf 77' lang='lat' dir='ltr'><strong>devorentur:</strong></span> <span class='ocrx_word' id='word_1_101' title='bbox 901 1151 975 1210; x_wconf 85' lang='lat' dir='ltr'><strong>item</strong></span> 
     </span>
     <span class='ocr_line' id='line_1_14' title="bbox 37 1228 973 1309; baseline 0.002 -21"><span class='ocrx_word' id='word_1_102' title='bbox 37 1239 175 1299; x_wconf 71' lang='lat' dir='ltr'><strong>terentes,</strong></span> <span class='ocrx_word' id='word_1_103' title='bbox 189 1248 314 1309; x_wconf 90' lang='lat' dir='ltr'><strong>quorum</strong></span> <span class='ocrx_word' id='word_1_104' title='bbox 326 1228 509 1306; x_wconf 74' lang='lat' dir='ltr'><strong>negligentia</strong></span> <span class='ocrx_word' id='word_1_105' title='bbox 521 1228 570 1288; x_wconf 88' lang='lat' dir='ltr'><strong>vel</strong></span> <span class='ocrx_word' id='word_1_106' title='bbox 582 1228 696 1288; x_wconf 86' lang='lat' dir='ltr'><strong>incuria</strong></span> <span class='ocrx_word' id='word_1_107' title='bbox 708 1228 807 1308; x_wconf 87' lang='lat' dir='ltr'><strong>proles</strong></span> <span class='ocrx_word' id='word_1_108' title='bbox 821 1229 852 1287; x_wconf 91' lang='lat' dir='ltr'><strong>in</strong></span> <span class='ocrx_word' id='word_1_109' title='bbox 865 1249 883 1290; x_wconf 89' lang='lat' dir='ltr'><strong>a</strong></span> <span class='ocrx_word' id='word_1_110' title='bbox 904 1246 973 1290; x_wconf 81' lang='lat' dir='ltr'><strong>uam</strong></span> 
     </span>
     <span class='ocr_line' id='line_1_15' title="bbox 37 1251 974 1390; baseline 0.002 -23"><span class='ocrx_word' id='word_1_111' title='bbox 37 1308 73 1367; x_wconf 74' lang='lat' dir='ltr'><strong>rel</strong></span> <span class='ocrx_word' id='word_1_112' title='bbox 88 1309 119 1366; x_wconf 92' lang='lat' dir='ltr'><strong>in</strong></span> <span class='ocrx_word' id='word_1_113' title='bbox 133 1308 234 1387; x_wconf 80' lang='lat' dir='ltr'><strong>ignem</strong></span> <span class='ocrx_word' id='word_1_114' title='bbox 248 1317 347 1377; x_wconf 89' lang='lat' dir='ltr'><strong>ruunt,</strong></span> <span class='ocrx_word' id='word_1_115' title='bbox 361 1307 409 1366; x_wconf 80' lang='lat' dir='ltr'><strong>vel</strong></span> <span class='ocrx_word' id='word_1_116' title='bbox 423 1327 548 1390; x_wconf 86' lang='lat' dir='ltr'><strong>quorum</strong></span> <span class='ocrx_word' id='word_1_117' title='bbox 562 1307 662 1386; x_wconf 86' lang='lat' dir='ltr'><strong>proles</strong></span> <span class='ocrx_word' id='word_1_118' title='bbox 674 1309 843 1368; x_wconf 89' lang='lat' dir='ltr'><strong>moriuntur</strong></span> <span class='ocrx_word' id='word_1_119' title='bbox 854 1251 974 1369; x_wconf 60' lang='lat' dir='ltr'><strong>ddeotn</strong></span> 
     </span>
     <span class='ocr_line' id='line_1_16' title="bbox 37 1385 973 1468; baseline 0 -20"><span class='ocrx_word' id='word_1_120' title='bbox 37 1387 137 1468; x_wconf 81' lang='lat' dir='ltr'><strong>lebitre</strong></span> <span class='ocrx_word' id='word_1_121' title='bbox 150 1387 350 1447; x_wconf 81' lang='lat' dir='ltr'><strong>educationis:</strong></span> <span class='ocrx_word' id='word_1_122' title='bbox 371 1387 443 1446; x_wconf 89' lang='lat' dir='ltr'><strong>item</strong></span> <span class='ocrx_word' id='word_1_123' title='bbox 457 1385 642 1457; x_wconf 73' lang='lat' dir='ltr'><strong>obstetrices,</strong></span> <span class='ocrx_word' id='word_1_124' title='bbox 658 1406 723 1465; x_wconf 82' lang='lat' dir='ltr'><strong>quae</strong></span> <span class='ocrx_word' id='word_1_125' title='bbox 734 1386 853 1467; x_wconf 83' lang='lat' dir='ltr'><strong>defectu</strong></span> <span class='ocrx_word' id='word_1_126' title='bbox 863 1387 973 1449; x_wconf 74' lang='lat' dir='ltr'><strong>debite</strong></span> 
     </span>
     <span class='ocr_line' id='line_1_17' title="bbox 37 1467 972 1545; baseline -0.002 -18"><span class='ocrx_word' id='word_1_127' title='bbox 37 1468 161 1527; x_wconf 79' lang='lat' dir='ltr'><strong>scientiae</strong></span> <span class='ocrx_word' id='word_1_128' title='bbox 177 1486 266 1526; x_wconf 88' lang='lat' dir='ltr'><strong>causa</strong></span> <span class='ocrx_word' id='word_1_129' title='bbox 285 1475 354 1525; x_wconf 86' lang='lat' dir='ltr'><strong>suut</strong></span> <span class='ocrx_word' id='word_1_130' title='bbox 372 1467 478 1526; x_wconf 89' lang='lat' dir='ltr'><strong>mortis</strong></span> <span class='ocrx_word' id='word_1_131' title='bbox 494 1467 585 1526; x_wconf 78' lang='lat' dir='ltr'><strong>fetus</strong></span> <span class='ocrx_word' id='word_1_132' title='bbox 605 1467 632 1524; x_wconf 80' lang='lat' dir='ltr'><strong>a</strong></span> <span class='ocrx_word' id='word_1_133' title='bbox 652 1485 730 1545; x_wconf 87' lang='lat' dir='ltr'><strong>saepe</strong></span> <span class='ocrx_word' id='word_1_134' title='bbox 749 1469 839 1526; x_wconf 87' lang='lat' dir='ltr'><strong>etiam</strong></span> <span class='ocrx_word' id='word_1_135' title='bbox 859 1469 972 1528; x_wconf 87' lang='lat' dir='ltr'><strong>matris.</strong></span> 
     </span>
     <span class='ocr_line' id='line_1_18' title="bbox 37 1545 973 1628; baseline 0.002 -23"><span class='ocrx_word' id='word_1_136' title='bbox 37 1547 78 1606; x_wconf 80' lang='lat' dir='ltr'><strong>De</strong></span> <span class='ocrx_word' id='word_1_137' title='bbox 90 1545 198 1628; x_wconf 89' lang='lat' dir='ltr'><strong>quibus</strong></span> <span class='ocrx_word' id='word_1_138' title='bbox 213 1546 350 1607; x_wconf 88' lang='lat' dir='ltr'><strong>omuibus</strong></span> <span class='ocrx_word' id='word_1_139' title='bbox 363 1545 459 1605; x_wconf 82' lang='lat' dir='ltr'><strong>fusids</strong></span> <span class='ocrx_word' id='word_1_140' title='bbox 472 1545 536 1624; x_wconf 84' lang='lat' dir='ltr'><strong>agit</strong></span> <span class='ocrx_word' id='word_1_141' title='bbox 550 1545 760 1626; x_wconf 76' lang='lat' dir='ltr'><strong>chapeauville</strong></span> <span class='ocrx_word' id='word_1_142' title='bbox 773 1548 843 1607; x_wconf 84' lang='lat' dir='ltr'><strong>“de</strong></span> <span class='ocrx_word' id='word_1_143' title='bbox 856 1545 973 1607; x_wconf 88' lang='lat' dir='ltr'><strong>casibus</strong></span> 
     </span>
     <span class='ocr_line' id='line_1_19' title="bbox 39 1626 389 1705; baseline -0.003 -20"><span class='ocrx_word' id='word_1_144' title='bbox 39 1626 245 1687; x_wconf 82' lang='lat' dir='ltr'><strong>‘reservatis&#39;’</strong></span> <span class='ocrx_word' id='word_1_145' title='bbox 265 1644 328 1705; x_wconf 87' lang='lat' dir='ltr'><strong>cap.</strong></span> <span class='ocrx_word' id='word_1_146' title='bbox 344 1628 389 1684; x_wconf 84' lang='lat'><strong>10.</strong></span> 
     </span>
    </p>

    <p class='ocr_par' dir='ltr' id='par_1_5' title="bbox 37 1702 975 1864">
     <span class='ocr_line' id='line_1_20' title="bbox 64 1702 975 1784; baseline 0 -20"><span class='ocrx_word' id='word_1_147' title='bbox 64 1706 115 1764; x_wconf 86' lang='lat' dir='ltr'><strong>An</strong></span> <span class='ocrx_word' id='word_1_148' title='bbox 139 1705 211 1765; x_wconf 87' lang='lat' dir='ltr'><strong>licet</strong></span> <span class='ocrx_word' id='word_1_149' title='bbox 235 1725 334 1765; x_wconf 86' lang='lat' dir='ltr'><strong>secare</strong></span> <span class='ocrx_word' id='word_1_150' title='bbox 356 1715 480 1764; x_wconf 90' lang='lat' dir='ltr'><strong>matrem</strong></span> <span class='ocrx_word' id='word_1_151' title='bbox 501 1704 609 1777; x_wconf 80' lang='lat' dir='ltr'><strong>viram,</strong></span> <span class='ocrx_word' id='word_1_152' title='bbox 632 1713 667 1764; x_wconf 88' lang='lat' dir='ltr'><strong>ut</strong></span> <span class='ocrx_word' id='word_1_153' title='bbox 686 1702 854 1784; x_wconf 72' lang='lat' dir='ltr'><strong>baptizetur</strong></span> <span class='ocrx_word' id='word_1_154' title='bbox 871 1703 975 1784; x_wconf 81' lang='lat' dir='ltr'><strong>proles</strong></span> 
     </span>
     <span class='ocr_line' id='line_1_21' title="bbox 37 1782 576 1864; baseline 0 -20"><span class='ocrx_word' id='word_1_155' title='bbox 37 1782 156 1864; x_wconf 85' lang='lat' dir='ltr'><strong>diequin</strong></span> <span class='ocrx_word' id='word_1_156' title='bbox 172 1786 235 1844; x_wconf 91' lang='lat' dir='ltr'><strong>sine</strong></span> <span class='ocrx_word' id='word_1_157' title='bbox 250 1784 396 1862; x_wconf 87' lang='lat' dir='ltr'><strong>baptismo</strong></span> <span class='ocrx_word' id='word_1_158' title='bbox 409 1785 576 1844; x_wconf 83' lang='lat' dir='ltr'><strong>moritura?</strong></span> 
     </span>
    </p>

    <p class='ocr_par' dir='ltr' id='par_1_6' title="bbox 37 1862 974 2401">
     <span class='ocr_line' id='line_1_22' title="bbox 62 1862 974 1958; baseline -0.001 -33"><span class='ocrx_word' id='word_1_159' title='bbox 62 1865 102 1925; x_wconf 82' lang='lat' dir='ltr'><strong>V.</strong></span> <span class='ocrx_word' id='word_1_160' title='bbox 117 1865 157 1924; x_wconf 84' lang='lat' dir='ltr'><strong>R.</strong></span> <span class='ocrx_word' id='word_1_161' title='bbox 173 1865 204 1924; x_wconf 85' lang='lat' dir='ltr'><strong>Si</strong></span> <span class='ocrx_word' id='word_1_162' title='bbox 219 1884 286 1922; x_wconf 90' lang='lat' dir='ltr'><strong>cum</strong></span> <span class='ocrx_word' id='word_1_163' title='bbox 296 1863 479 1942; x_wconf 87' lang='lat' dir='ltr'><strong>fundataspe</strong></span> <span class='ocrx_word' id='word_1_164' title='bbox 489 1862 626 1924; x_wconf 84' lang='lat' dir='ltr'><strong>servandi</strong></span> <span class='ocrx_word' id='word_1_165' title='bbox 636 1873 762 1922; x_wconf 88' lang='lat' dir='ltr'><strong>matrem</strong></span> <span class='ocrx_word' id='word_1_166' title='bbox 775 1865 873 1923; x_wconf 82' lang='lat' dir='ltr'><strong>viram</strong></span> <span class='ocrx_word' id='word_1_167' title='bbox 887 1864 974 1958; x_wconf 70' lang='lat' dir='ltr'><strong>(qum</strong></span> 
     </span>
     <span class='ocr_line' id='line_1_23' title="bbox 37 1941 970 2023; baseline 0.002 -21"><span class='ocrx_word' id='word_1_168' title='bbox 37 1960 90 2022; x_wconf 82' lang='lat' dir='ltr'><strong>pes</strong></span> <span class='ocrx_word' id='word_1_169' title='bbox 103 1944 263 2023; x_wconf 86' lang='lat' dir='ltr'><strong>aliquando</strong></span> <span class='ocrx_word' id='word_1_170' title='bbox 277 1941 398 2002; x_wconf 79' lang='lat' dir='ltr'><strong>subesse</strong></span> <span class='ocrx_word' id='word_1_171' title='bbox 411 1944 551 2015; x_wconf 86' lang='lat' dir='ltr'><strong>creditur,</strong></span> <span class='ocrx_word' id='word_1_172' title='bbox 564 1952 599 2001; x_wconf 87' lang='lat' dir='ltr'><strong>ut</strong></span> <span class='ocrx_word' id='word_1_173' title='bbox 613 1943 708 2002; x_wconf 86' lang='lat' dir='ltr'><strong>videri</strong></span> <span class='ocrx_word' id='word_1_174' title='bbox 721 1943 864 2020; x_wconf 77' lang='lat' dir='ltr'><strong>potentin</strong></span> <span class='ocrx_word' id='word_1_175' title='bbox 879 1953 970 2004; x_wconf 80' lang='lat' dir='ltr'><strong>citato</strong></span> 
     </span>
     <span class='ocr_line' id='line_1_24' title="bbox 37 2021 973 2103; baseline -0.002 -19"><span class='ocrx_word' id='word_1_176' title='bbox 37 2023 225 2102; x_wconf 71' lang='lat' dir='ltr'><strong>daugiamila)</strong></span> <span class='ocrx_word' id='word_1_177' title='bbox 247 2043 283 2083; x_wconf 90' lang='lat' dir='ltr'><strong>ea</strong></span> <span class='ocrx_word' id='word_1_178' title='bbox 304 2023 396 2082; x_wconf 84' lang='lat' dir='ltr'><strong>sectio</strong></span> <span class='ocrx_word' id='word_1_179' title='bbox 415 2022 482 2080; x_wconf 87' lang='lat' dir='ltr'><strong>fieri</strong></span> <span class='ocrx_word' id='word_1_180' title='bbox 495 2040 554 2082; x_wconf 91' lang='lat' dir='ltr'><strong>non</strong></span> <span class='ocrx_word' id='word_1_181' title='bbox 567 2022 672 2101; x_wconf 87' lang='lat' dir='ltr'><strong>possit,</strong></span> <span class='ocrx_word' id='word_1_182' title='bbox 693 2021 796 2081; x_wconf 81' lang='lat' dir='ltr'><strong>illicita</strong></span> <span class='ocrx_word' id='word_1_183' title='bbox 809 2033 865 2092; x_wconf 85' lang='lat' dir='ltr'><strong>est,</strong></span> <span class='ocrx_word' id='word_1_184' title='bbox 886 2021 973 2103; x_wconf 53' lang='lat' dir='ltr'><strong>quid*</strong></span> 
     </span>
     <span class='ocr_line' id='line_1_25' title="bbox 37 2101 971 2182; baseline 0.002 -22"><span class='ocrx_word' id='word_1_185' title='bbox 37 2101 93 2182; x_wconf 77' lang='lat' dir='ltr'><strong>mid</strong></span> <span class='ocrx_word' id='word_1_186' title='bbox 117 2103 230 2182; x_wconf 89' lang='lat' dir='ltr'><strong>sperari</strong></span> <span class='ocrx_word' id='word_1_187' title='bbox 253 2103 347 2181; x_wconf 87' lang='lat' dir='ltr'><strong>possit</strong></span> <span class='ocrx_word' id='word_1_188' title='bbox 361 2102 398 2160; x_wconf 92' lang='lat' dir='ltr'><strong>de</strong></span> <span class='ocrx_word' id='word_1_189' title='bbox 412 2101 506 2161; x_wconf 87' lang='lat' dir='ltr'><strong>salute</strong></span> <span class='ocrx_word' id='word_1_190' title='bbox 526 2101 633 2181; x_wconf 89' lang='lat' dir='ltr'><strong>prolis;</strong></span> <span class='ocrx_word' id='word_1_191' title='bbox 655 2102 788 2182; x_wconf 80' lang='lat' dir='ltr'><strong>quamvis</strong></span> <span class='ocrx_word' id='word_1_192' title='bbox 812 2103 890 2161; x_wconf 89' lang='lat' dir='ltr'><strong>enim</strong></span> <span class='ocrx_word' id='word_1_193' title='bbox 913 2121 971 2182; x_wconf 87' lang='lat' dir='ltr'><strong>pro</strong></span> 
     </span>
     <span class='ocr_line' id='line_1_26' title="bbox 37 2181 971 2260; baseline -0.001 -19"><span class='ocrx_word' id='word_1_194' title='bbox 37 2182 119 2242; x_wconf 82' lang='lat' dir='ltr'><strong>alote</strong></span> <span class='ocrx_word' id='word_1_195' title='bbox 131 2182 225 2260; x_wconf 88' lang='lat' dir='ltr'><strong>prolis</strong></span> <span class='ocrx_word' id='word_1_196' title='bbox 239 2182 330 2242; x_wconf 87' lang='lat' dir='ltr'><strong>vitam</strong></span> <span class='ocrx_word' id='word_1_197' title='bbox 345 2200 427 2240; x_wconf 84' lang='lat' dir='ltr'><strong>suam</strong></span> <span class='ocrx_word' id='word_1_198' title='bbox 441 2200 591 2260; x_wconf 87' lang='lat' dir='ltr'><strong>exponere</strong></span> <span class='ocrx_word' id='word_1_199' title='bbox 605 2181 713 2241; x_wconf 89' lang='lat' dir='ltr'><strong>debeat</strong></span> <span class='ocrx_word' id='word_1_200' title='bbox 725 2193 829 2252; x_wconf 86' lang='lat' dir='ltr'><strong>mater,</strong></span> <span class='ocrx_word' id='word_1_201' title='bbox 843 2201 902 2241; x_wconf 90' lang='lat' dir='ltr'><strong>non</strong></span> <span class='ocrx_word' id='word_1_202' title='bbox 915 2199 971 2260; x_wconf 92' lang='lat' dir='ltr'><strong>po·</strong></span> 
     </span>
     <span class='ocr_line' id='line_1_27' title="bbox 37 2260 973 2341; baseline -0.001 -20"><span class='ocrx_word' id='word_1_203' title='bbox 37 2271 82 2321; x_wconf 79' lang='lat' dir='ltr'><strong>ast</strong></span> <span class='ocrx_word' id='word_1_204' title='bbox 100 2272 202 2320; x_wconf 84' lang='lat' dir='ltr'><strong>tamen</strong></span> <span class='ocrx_word' id='word_1_205' title='bbox 216 2272 376 2341; x_wconf 88' lang='lat' dir='ltr'><strong>propterea</strong></span> <span class='ocrx_word' id='word_1_206' title='bbox 389 2260 417 2319; x_wconf 89' lang='lat' dir='ltr'><strong>ei</strong></span> <span class='ocrx_word' id='word_1_207' title='bbox 431 2261 493 2320; x_wconf 84' lang='lat' dir='ltr'><strong>rita</strong></span> <span class='ocrx_word' id='word_1_208' title='bbox 506 2261 606 2332; x_wconf 84' lang='lat' dir='ltr'><strong>adimi,</strong></span> <span class='ocrx_word' id='word_1_209' title='bbox 627 2279 724 2340; x_wconf 88' lang='lat' dir='ltr'><strong>neque</strong></span> <span class='ocrx_word' id='word_1_210' title='bbox 740 2260 810 2321; x_wconf 89' lang='lat' dir='ltr'><strong>ideo</strong></span> <span class='ocrx_word' id='word_1_211' title='bbox 823 2262 888 2340; x_wconf 89' lang='lat' dir='ltr'><strong>ipsa</strong></span> <span class='ocrx_word' id='word_1_212' title='bbox 898 2280 973 2322; x_wconf 81' lang='lat' dir='ltr'><strong>aon-</strong></span> 
     </span>
     <span class='ocr_line' id='line_1_28' title="bbox 37 2342 353 2401; baseline 0.003 -2"><span class='ocrx_word' id='word_1_213' title='bbox 37 2343 135 2400; x_wconf 76' lang='lat' dir='ltr'><strong>tentire</strong></span> <span class='ocrx_word' id='word_1_214' title='bbox 149 2352 184 2400; x_wconf 88' lang='lat' dir='ltr'><strong>ut</strong></span> <span class='ocrx_word' id='word_1_215' title='bbox 196 2342 353 2401; x_wconf 87' lang='lat' dir='ltr'><strong>adimatur.</strong></span> 
     </span>
    </p>

    <p class='ocr_par' dir='ltr' id='par_1_7' title="bbox 37 2421 969 2657">
     <span class='ocr_line' id='line_1_29' title="bbox 60 2421 966 2500; baseline -0.001 -20"><span class='ocrx_word' id='word_1_216' title='bbox 60 2421 93 2480; x_wconf 87' lang='lat' dir='ltr'><strong>Si</strong></span> <span class='ocrx_word' id='word_1_217' title='bbox 109 2423 181 2481; x_wconf 78' lang='lat' dir='ltr'><strong>verb</strong></span> <span class='ocrx_word' id='word_1_218' title='bbox 195 2432 291 2480; x_wconf 91' lang='lat' dir='ltr'><strong>mater</strong></span> <span class='ocrx_word' id='word_1_219' title='bbox 303 2440 459 2500; x_wconf 74' lang='lat' dir='ltr'><strong>pregnans</strong></span> <span class='ocrx_word' id='word_1_220' title='bbox 472 2422 626 2492; x_wconf 89' lang='lat' dir='ltr'><strong>moriatur,</strong></span> <span class='ocrx_word' id='word_1_221' title='bbox 646 2440 707 2480; x_wconf 91' lang='lat' dir='ltr'><strong>non</strong></span> <span class='ocrx_word' id='word_1_222' title='bbox 726 2428 842 2480; x_wconf 89' lang='lat' dir='ltr'><strong>tautum</strong></span> <span class='ocrx_word' id='word_1_223' title='bbox 855 2429 966 2499; x_wconf 84' lang='lat' dir='ltr'><strong>potest,</strong></span> 
     </span>
     <span class='ocr_line' id='line_1_30' title="bbox 37 2498 969 2578; baseline 0.002 -20"><span class='ocrx_word' id='word_1_224' title='bbox 37 2498 73 2559; x_wconf 78' lang='lat' dir='ltr'><strong>ed</strong></span> <span class='ocrx_word' id='word_1_225' title='bbox 88 2502 116 2558; x_wconf 73' lang='lat' dir='ltr'><strong>a</strong></span> <span class='ocrx_word' id='word_1_226' title='bbox 130 2499 222 2559; x_wconf 89' lang='lat' dir='ltr'><strong>debet</strong></span> <span class='ocrx_word' id='word_1_227' title='bbox 234 2520 270 2558; x_wconf 86' lang='lat' dir='ltr'><strong>ea</strong></span> <span class='ocrx_word' id='word_1_228' title='bbox 283 2502 374 2560; x_wconf 87' lang='lat' dir='ltr'><strong>sectio</strong></span> <span class='ocrx_word' id='word_1_229' title='bbox 388 2500 463 2570; x_wconf 88' lang='lat' dir='ltr'><strong>fieri,</strong></span> <span class='ocrx_word' id='word_1_230' title='bbox 483 2501 510 2558; x_wconf 65' lang='grc' dir='ltr'>ἃ</span> <span class='ocrx_word' id='word_1_231' title='bbox 530 2500 659 2578; x_wconf 89' lang='lat' dir='ltr'><strong>quidem,</strong></span> <span class='ocrx_word' id='word_1_232' title='bbox 682 2499 830 2578; x_wconf 74' lang='lat' dir='ltr'><strong>chirurgo</strong></span> <span class='ocrx_word' id='word_1_233' title='bbox 843 2500 969 2578; x_wconf 85' lang='lat' dir='ltr'><strong>aliisque</strong></span> 
     </span>
     <span class='ocr_line' id='line_1_31' title="bbox 37 2578 888 2657; baseline 0.002 -23"><span class='ocrx_word' id='word_1_234' title='bbox 37 2579 128 2639; x_wconf 70' lang='lat' dir='ltr'><strong>»eritis</strong></span> <span class='ocrx_word' id='word_1_235' title='bbox 142 2578 357 2652; x_wconf 88' lang='lat' dir='ltr'><strong>deficientibus,</strong></span> <span class='ocrx_word' id='word_1_236' title='bbox 372 2582 390 2640; x_wconf 74' lang='lat' dir='ltr'><strong>a</strong></span> <span class='ocrx_word' id='word_1_237' title='bbox 404 2582 539 2650; x_wconf 88' lang='lat' dir='ltr'><strong>Pastore,</strong></span> <span class='ocrx_word' id='word_1_238' title='bbox 554 2588 588 2638; x_wconf 89' lang='lat' dir='ltr'><strong>ut</strong></span> <span class='ocrx_word' id='word_1_239' title='bbox 600 2579 699 2657; x_wconf 88' lang='lat' dir='ltr'><strong>proles</strong></span> <span class='ocrx_word' id='word_1_240' title='bbox 713 2579 888 2657; x_wconf 75' lang='lat' dir='ltr'><strong>baptizetur.</strong></span> 
     </span>
    </p>

    <p class='ocr_par' dir='ltr' id='par_1_8' title="bbox 37 2655 971 3204">
     <span class='ocr_line' id='line_1_32' title="bbox 58 2655 966 2739; baseline -0.006 -21"><span class='ocrx_word' id='word_1_241' title='bbox 58 2659 113 2718; x_wconf 90' lang='lat' dir='ltr'><strong>An</strong></span> <span class='ocrx_word' id='word_1_242' title='bbox 127 2657 198 2718; x_wconf 87' lang='lat' dir='ltr'><strong>licet</strong></span> <span class='ocrx_word' id='word_1_243' title='bbox 211 2655 357 2737; x_wconf 80' lang='lat' dir='ltr'><strong>projicere</strong></span> <span class='ocrx_word' id='word_1_244' title='bbox 369 2678 495 2739; x_wconf 90' lang='lat' dir='ltr'><strong>puerum</strong></span> <span class='ocrx_word' id='word_1_245' title='bbox 509 2659 539 2717; x_wconf 92' lang='lat' dir='ltr'><strong>in</strong></span> <span class='ocrx_word' id='word_1_246' title='bbox 553 2658 685 2730; x_wconf 84' lang='lat' dir='ltr'><strong>fluvium,</strong></span> <span class='ocrx_word' id='word_1_247' title='bbox 703 2667 737 2717; x_wconf 86' lang='lat' dir='ltr'><strong>ut</strong></span> <span class='ocrx_word' id='word_1_248' title='bbox 751 2658 927 2738; x_wconf 77' lang='lat' dir='ltr'><strong>baptizetur,</strong></span> <span class='ocrx_word' id='word_1_249' title='bbox 940 2659 966 2715; x_wconf 89' lang='lat' dir='ltr'><strong>si</strong></span> 
     </span>
     <span class='ocr_line' id='line_1_33' title="bbox 37 2735 964 2817; baseline 0.001 -20"><span class='ocrx_word' id='word_1_250' title='bbox 37 2735 269 2816; x_wconf 77' lang='lat' dir='ltr'><strong>liter-baptizari</strong></span> <span class='ocrx_word' id='word_1_251' title='bbox 281 2758 340 2797; x_wconf 91' lang='lat' dir='ltr'><strong>non</strong></span> <span class='ocrx_word' id='word_1_252' title='bbox 352 2739 471 2817; x_wconf 82' lang='lat' dir='ltr'><strong>possit?</strong></span> <span class='ocrx_word' id='word_1_253' title='bbox 899 2764 902 2769; x_wconf 47' lang='lat'>¹</span> <span class='ocrx_word' id='word_1_254' title='bbox 952 2736 964 2807; x_wconf 79' lang='grc'><strong>,’</strong></span> 
     </span>
     <span class='ocr_line' id='line_1_34' title="bbox 44 2810 967 2899; baseline -0.003 -22"><span class='ocrx_word' id='word_1_255' title='bbox 44 2810 118 2895; x_wconf 73' lang='lat' dir='ltr'><strong>&#39;VL</strong></span> <span class='ocrx_word' id='word_1_256' title='bbox 140 2818 179 2877; x_wconf 83' lang='lat' dir='ltr'><strong>lt.</strong></span> <span class='ocrx_word' id='word_1_257' title='bbox 199 2816 363 2895; x_wconf 79' lang='lat' dir='ltr'><strong>Negativb3</strong></span> <span class='ocrx_word' id='word_1_258' title='bbox 385 2818 454 2899; x_wconf 84' lang='lat' dir='ltr'><strong>quia</strong></span> <span class='ocrx_word' id='word_1_259' title='bbox 477 2817 530 2876; x_wconf 90' lang='lat' dir='ltr'><strong>illa</strong></span> <span class='ocrx_word' id='word_1_260' title='bbox 551 2817 706 2897; x_wconf 81' lang='lat' dir='ltr'><strong>projectio,</strong></span> <span class='ocrx_word' id='word_1_261' title='bbox 725 2825 760 2874; x_wconf 91' lang='lat' dir='ltr'><strong>ut</strong></span> <span class='ocrx_word' id='word_1_262' title='bbox 780 2816 967 2895; x_wconf 87' lang='lat' dir='ltr'><strong>supponitur,</strong></span> 
     </span>
     <span class='ocr_line' id='line_1_35' title="bbox 37 2894 968 2976; baseline -0.002 -21"><span class='ocrx_word' id='word_1_263' title='bbox 37 2905 64 2955; x_wconf 87' lang='lat' dir='ltr'><strong>st</strong></span> <span class='ocrx_word' id='word_1_264' title='bbox 77 2896 117 2956; x_wconf 87' lang='lat' dir='ltr'><strong>de</strong></span> <span class='ocrx_word' id='word_1_265' title='bbox 132 2916 164 2955; x_wconf 89' lang='lat' dir='ltr'><strong>se</strong></span> <span class='ocrx_word' id='word_1_266' title='bbox 179 2898 305 2956; x_wconf 87' lang='lat' dir='ltr'><strong>ocoisiva</strong></span> <span class='ocrx_word' id='word_1_267' title='bbox 317 2897 419 2976; x_wconf 89' lang='lat' dir='ltr'><strong>prolis,</strong></span> <span class='ocrx_word' id='word_1_268' title='bbox 432 2899 459 2955; x_wconf 78' lang='lat' dir='ltr'><strong>a</strong></span> <span class='ocrx_word' id='word_1_269' title='bbox 471 2897 596 2956; x_wconf 84' lang='lat' dir='ltr'><strong>effectus</strong></span> <span class='ocrx_word' id='word_1_270' title='bbox 610 2896 713 2967; x_wconf 85' lang='lat' dir='ltr'><strong>bouus,</strong></span> <span class='ocrx_word' id='word_1_271' title='bbox 731 2896 843 2954; x_wconf 87' lang='lat' dir='ltr'><strong>scilicet</strong></span> <span class='ocrx_word' id='word_1_272' title='bbox 856 2894 968 2972; x_wconf 86' lang='lat' dir='ltr'><strong>baptis·</strong></span> 
     </span>
     <span class='ocr_line' id='line_1_36' title="bbox 37 2973 967 3057; baseline -0.002 -23"><span class='ocrx_word' id='word_1_273' title='bbox 37 2996 86 3034; x_wconf 80' lang='lat' dir='ltr'><strong>rus</strong></span> <span class='ocrx_word' id='word_1_274' title='bbox 100 2974 203 3054; x_wconf 87' lang='lat' dir='ltr'><strong>prolis,</strong></span> <span class='ocrx_word' id='word_1_275' title='bbox 224 2977 356 3057; x_wconf 89' lang='lat' dir='ltr'><strong>sequitur</strong></span> <span class='ocrx_word' id='word_1_276' title='bbox 370 2996 408 3036; x_wconf 84' lang='lat' dir='ltr'><strong>ex</strong></span> <span class='ocrx_word' id='word_1_277' title='bbox 422 2996 458 3036; x_wconf 86' lang='lat' dir='ltr'><strong>ea</strong></span> <span class='ocrx_word' id='word_1_278' title='bbox 470 2977 585 3035; x_wconf 76' lang='lat' dir='ltr'><strong>tautum</strong></span> <span class='ocrx_word' id='word_1_279' title='bbox 600 2975 739 3045; x_wconf 77' lang='lat' dir='ltr'><strong>mediata,</strong></span> <span class='ocrx_word' id='word_1_280' title='bbox 759 2973 907 3034; x_wconf 88' lang='lat' dir='ltr'><strong>mediante</strong></span> <span class='ocrx_word' id='word_1_281' title='bbox 920 2975 967 3033; x_wconf 90' lang='lat' dir='ltr'><strong>ni·</strong></span> 
     </span>
     <span class='ocr_line' id='line_1_37' title="bbox 37 3052 971 3134; baseline -0.001 -22"><span class='ocrx_word' id='word_1_282' title='bbox 37 3056 131 3114; x_wconf 74' lang='lat' dir='ltr'><strong>sirum</strong></span> <span class='ocrx_word' id='word_1_283' title='bbox 157 3055 323 3134; x_wconf 86' lang='lat' dir='ltr'><strong>prolatione</strong></span> <span class='ocrx_word' id='word_1_284' title='bbox 345 3056 449 3115; x_wconf 82' lang='lat' dir='ltr'><strong>forma</strong></span> <span class='ocrx_word' id='word_1_285' title='bbox 470 3057 497 3113; x_wconf 76' lang='lat' dir='ltr'><strong>a</strong></span> <span class='ocrx_word' id='word_1_286' title='bbox 523 3055 688 3114; x_wconf 90' lang='lat' dir='ltr'><strong>intentione</strong></span> <span class='ocrx_word' id='word_1_287' title='bbox 714 3052 892 3132; x_wconf 76' lang='lat' dir='ltr'><strong>baptizandi,</strong></span> <span class='ocrx_word' id='word_1_288' title='bbox 911 3053 971 3126; x_wconf 87' lang='lat' dir='ltr'><strong>ubi</strong></span> 
     </span>
     <span class='ocr_line' id='line_1_38' title="bbox 37 3132 887 3204; baseline -0.004 -11"><span class='ocrx_word' id='word_1_289' title='bbox 37 3135 146 3195; x_wconf 87' lang='lat' dir='ltr'><strong>ffectus</strong></span> <span class='ocrx_word' id='word_1_290' title='bbox 159 3134 262 3204; x_wconf 84' lang='lat' dir='ltr'><strong>melus,</strong></span> <span class='ocrx_word' id='word_1_291' title='bbox 276 3135 415 3194; x_wconf 86' lang='lat' dir='ltr'><strong>videlicet</strong></span> <span class='ocrx_word' id='word_1_292' title='bbox 430 3134 548 3199; x_wconf 87' lang='lat' dir='ltr'><strong>occisio,</strong></span> <span class='ocrx_word' id='word_1_293' title='bbox 561 3153 594 3192; x_wconf 90' lang='lat' dir='ltr'><strong>se</strong></span> <span class='ocrx_word' id='word_1_294' title='bbox 616 3133 696 3192; x_wconf 88' lang='lat' dir='ltr'><strong>uitur</strong></span> <span class='ocrx_word' id='word_1_295' title='bbox 708 3132 887 3191; x_wconf 68' lang='lat' dir='ltr'><strong>immediate.</strong></span> 
     </span>
    </p>

    <p class='ocr_par' dir='ltr' id='par_1_9' title="bbox 59 3153 966 3292">
     <span class='ocr_line' id='line_1_39' title="bbox 59 3153 966 3292; baseline -0.003 -19"><span class='ocrx_word' id='word_1_296' title='bbox 59 3215 214 3273; x_wconf 77' lang='lat' dir='ltr'><strong>Praeterea</strong></span> <span class='ocrx_word' id='word_1_297' title='bbox 223 3215 400 3292; x_wconf 86' lang='lat' dir='ltr'><strong>disputatur,</strong></span> <span class='ocrx_word' id='word_1_298' title='bbox 414 3215 515 3274; x_wconf 82' lang='lat' dir='ltr'><strong>utrbm</strong></span> <span class='ocrx_word' id='word_1_299' title='bbox 526 3153 767 3291; x_wconf 77' lang='lat' dir='ltr'><strong>talisbaptismus</strong></span> <span class='ocrx_word' id='word_1_300' title='bbox 781 3212 822 3270; x_wconf 89' lang='lat' dir='ltr'><strong>sit</strong></span> <span class='ocrx_word' id='word_1_301' title='bbox 834 3210 966 3280; x_wconf 56' lang='lat' dir='ltr'><strong>validus}</strong></span> 
     </span>
    </p>
   </div>
   <div class='ocr_carea' id='block_1_3' title="bbox 37 3291 967 3432">
    <p class='ocr_par' dir='ltr' id='par_1_10' title="bbox 37 3291 967 3432">
     <span class='ocr_line' id='line_1_40' title="bbox 37 3291 967 3388; baseline 0 -38"><span class='ocrx_word' id='word_1_302' title='bbox 37 3312 107 3388; x_wconf 17' lang='lat' dir='ltr'><strong>&#39;uam</strong></span> <span class='ocrx_word' id='word_1_303' title='bbox 123 3294 317 3387; x_wconf 62' lang='lat' dir='ltr'><strong>quaestionem</strong></span> <span class='ocrx_word' id='word_1_304' title='bbox 330 3293 398 3353; x_wconf 86' lang='lat' dir='ltr'><strong>vide</strong></span> <span class='ocrx_word' id='word_1_305' title='bbox 412 3293 502 3354; x_wconf 89' lang='lat' dir='ltr'><strong>Num.</strong></span> <span class='ocrx_word' id='word_1_306' title='bbox 516 3295 544 3352; x_wconf 86' lang='lat'><strong>8.</strong></span> <span class='ocrx_word' id='word_1_307' title='bbox 585 3293 663 3353; x_wconf 87' lang='lat' dir='ltr'><strong>“De</strong></span> <span class='ocrx_word' id='word_1_308' title='bbox 679 3293 869 3379; x_wconf 83' lang='lat' dir='ltr'><strong>Sacramenta</strong></span> <span class='ocrx_word' id='word_1_309' title='bbox 881 3291 967 3368; x_wconf 75' lang='lat' dir='ltr'><strong>Bap-</strong></span> 
     </span>
     <span class='ocr_line' id='line_1_41' title="bbox 50 3372 160 3432; baseline -0.018 0"><span class='ocrx_word' id='word_1_310' title='bbox 50 3372 160 3432; x_wconf 80' lang='lat' dir='ltr'><strong>tssm1.&#39;&#39;</strong></span> 
     </span>
    </p>
   </div>
   <div class='ocr_carea' id='block_1_4' title="bbox 0 0 1084 4034">
    <p class='ocr_par' dir='ltr' id='par_1_11' title="bbox 0 0 1084 4034">
     <span class='ocr_line' id='line_1_42' title="bbox 0 0 1084 4034; baseline 0 0"><span class='ocrx_word' id='word_1_311' title='bbox 0 0 1084 4034; x_wconf 95' lang='lat' dir='ltr'><strong> </strong></span> 
     </span>
    </p>
   </div>
  </div>
 </body>
</html>
