2160 4034
83 172 123 228 32
225 217 227 225 1
444 189 632 233 rnncrsrus

81 311 159 362 ram,
173 291 220 351 vel
234 311 272 352 ne
286 291 342 351 hoc
355 311 432 352 anno
447 304 583 353 secentur
593 295 684 372 ligna,
705 292 787 352 mere
801 302 835 350 ut
858 294 886 351 in
901 293 1072 353 futurum

81 371 276 451 provideatur
290 372 504 453 communitati,
518 394 590 432 vera
600 382 699 450 potest
713 393 777 431 esse
787 373 933 430 sententia
948 374 1036 451 Stey·

83 453 180 522 aertii,
201 451 281 529 qudd
296 446 408 511 scilicet
421 453 496 511 tales
510 463 633 530 peccent
647 453 776 530 quidem,
798 451 850 509 sed
872 454 980 545 passim
992 452 1034 510 le·

82 533 169 601 viter,
197 533 224 588 dr
238 532 319 608 qudd
332 533 484 591 restitutio
497 532 633 590 facienda
647 553 704 590 nou
720 533 767 602 sit,
781 531 837 589 nisi
853 550 907 608 pro
918 520 1072 590 ratione

84 609 184 668 damni
199 611 216 668 d
229 610 318 688 lignis
332 612 379 670 rel
394 612 528 687 gramine
543 611 684 670 distincti

124 689 237 762 Quid
215 710 239 747 m
254 690 375 748 dubium
390 693 437 756 sit
453 711 489 749 an
504 691 595 768 sylvas
609 691 656 749 vel
665 710 774 769 pascua
784 691 843 748 sint
857 689 1072 792 communia,'

80 770 200 906 qnverd
214 771 383 846 pertineant
393 770 430 829 ad
446 770 641 848 Toparcham‚
656 771 707 848 qui
718 770 835 828 interim
851 789 886 828 ea
900 768 998 827 sibi
972 789 1034 826 vrn-

102 847 184 906 icat?
524 898 527 904 .
1064 864 1066 871 ·

123 927 179 986 IV.
201 927 240 986 R.
262 928 465 1005 Steyaertius·
486 929 511 987 ri
525 948 574 988 res
584 947 692 987 revera
706 928 745 986 sit
758 939 958 996 controversa,
979 947 1034 985 nec
1064 914 1072 975 l

81 1005 119 1064 ad
132 1007 220 1064 linem
236 1026 289 1065 con
293 1008 568 1087 troversiaperduci
582 1008 685 1086 possit,
699 1007 849 1085 utrimque
859 1026 979 1066 manere
989 1008 1034 1064 vi·
1064 1014 1072 1051 ¹

80 1086 211 1144 dentur'
203 1106 233 1143 ιιι
248 1107 300 1144 sua
314 1089 510 1163 possessione,
524 1088 718 1145 communitas
731 1086 848 1164 quidem
862 1086 919 1143 illis
930 1086 1072 1144 otendit

79 1174 236 1242 tanquam
245 1165 379 1243 publicis,
402 1167 559 1245 Toparcha
579 1167 697 1225 mulctis
721 1166 864 1224 afficiendi
882 1186 934 1224 eos
958 1185 1032 1243 quos
1070 1157 1072 1209 ἶ

78 1254 198 1303 utentes
213 1244 1072 1322 deprehenderit*

120 1322 210 1396 Quod
234 1335 348 1401 spectat
372 1325 485 1402 sylvam
508 1325 621 1404 regiam
647 1325 754 1383 dictam
776 1323 880 1402 lingua
906 1323 1070 1407 Belgica

76 1409 96 1440 “
109 1402 263 1479 «loningen
272 1405 398 1475 Bosch
420 1405 536 1465 Gallica
557 1415 574 1443 “
589 1405 664 1463 Bois
689 1404 726 1462 de
748 1404 868 1480 Suing,”
890 1404 1025 1481 quaedam
1065 1419 1072 1455 ι

78 1482 154 1540 scitu
168 1482 254 1540 utilia
267 1485 359 1542 tradit
373 1448 422 1543 l)e
437 1485 527 1561 Cooq
542 1504 604 1562 cap.
618 1488 646 1542 8.
660 1484 791 1542 sectione
805 1485 833 1541 4
1069 1498 1072 1513 ¹

83 1561 157 1621 V.
181 1562 267 1634 Qui
253 1581 269 1620 e
281 1563 372 1640 sylvis
380 1573 432 1622 aut
439 1583 555 1640 pascurs
566 1563 669 1621 alienis
678 1562 777 1620 aufert
785 1581 847 1619 rem
856 1560 1072 1630 notabilem,

76 1639 125 1699 vel
140 1660 176 1699 ea
187 1642 358 1701 notabiliter
372 1643 543 1712 deteriorat,
570 1642 703 1719 graviter
713 1644 815 1719 peccat
826 1644 851 1699 a
862 1641 899 1699 ad
910 1642 1072 1700 restim-r

75 1720 190 1778 tionem
201 1730 337 1780 tenetur:
357 1731 462 1781 notant
474 1732 574 1780 tamen
590 1721 753 1791 Authores‚
778 1721 857 1799 quod
868 1720 932 1779 crim
948 1720 1072 1798 Ιίςιιιι.Ι

75 1799 107 1857 in
120 1799 222 1877 sylvis,
236 1801 411 1877 &gramina
424 1802 454 1858 in
463 1801 579 1878 pascuis
593 1800 769 1858 naturaliter
783 1811 924 1869 crescant,
939 1799 1032 1877 idque
1071 1802 1072 1806 ’

77 1879 142 1937 sine
166 1879 356 1956 agricultura,
378 1882 479 1957 sicque
499 1879 565 1957 plus
586 1879 727 1938 accedant
741 1880 778 1937 ad
792 1899 840 1937 res
853 1880 1072 1937 naturaliter·

74 1956 195 2028 liberas,
216 1959 304 2034 pauld
318 1958 413 2036 major
426 1960 576 2036 quantitas
589 1959 768 2037 requiratur,
789 1970 824 2016 ut
834 1959 863 2015 in
875 1958 933 2015 illis
947 1959 1031 2016 aufe·
1071 2015 1072 2018 ,

73 2037 177 2096 rendis
191 2049 330 2114 peccetur
343 2039 520 2097 mortaliter.
1066 2062 1072 2098 ι

117 2117 199 2188 Quid
214 2127 312 2175 autem
322 2137 468 2195 pauperes
476 2117 593 2196 possint
603 2117 634 2174 in
626 2114 741 2194 sylvis
755 2117 859 2175 alienis
860 2117 1030 2194 ,dependet
1063 2138 1072 2179 ι

74 2195 261 2275 avolantate
276 2197 473 2255 Dominorum
488 2217 637 2275 expressa,
665 2197 764 2266 tacita,
780 2196 826 2254 rel
840 2207 1072 2274 praesummat

75 2294 162 2354 qnam
188 2270 258 2334 usus
279 2278 306 2333 8ι
326 2271 509 2335 consuetudo
533 2277 740 2334 timoratorum
766 2275 913 2343 declarat;
933 2276 975 2333 sic
997 2278 1027 2333 in
1062 2284 1072 2340 l

70 2353 289 2432 pluribuslocis
303 2356 436 2424 invaluit,
450 2355 768 2434 utpauperesesylvis
782 2356 1027 2413 auferantramos
1061 2383 1072 2421 ι

70 2433 180 2503 aridos,
202 2435 274 2492 item
302 2436 619 2528 genistasdrvepreta,
640 2436 667 2492 u
694 2433 801 2493 similia
824 2454 916 2513 parva
942 2433 1025 2512 ligna
1062 2464 1072 2501 a

73 2512 190 2581 viridia,
193 2532 284 2650 Iqum
288 2514 413 2572 multum
428 2534 521 2592 spinis
531 2513 739 2573 assimilantur
908 2546 911 2550 ·
1063 2526 1072 2581 l

112 2592 169 2652 Vl.
193 2593 317 2653 interim
332 2613 386 2670 pro
401 2613 485 2671 praxi
478 2592 722 2663 reflectendum,
743 2592 823 2670 qudd
842 2613 919 2671 saepe
942 2592 1026 2669 ligna
1064 2625 1071 2662 ι

71 2671 180 2729 viridia
198 2674 364 2730 arefaciant
389 2673 515 2731 secando
528 2673 666 2759 radices,
664 2675 722 2731 &a
736 2693 796 2751 quc
810 2692 878 2730 casu
901 2672 1072 2742 dubium
1067 2687 1068 2695 ¹

72 2766 131 2810 non
147 2759 202 2819 est,
224 2752 294 2828 quin
309 2753 441 2828 graviter
455 2753 570 2829 possint
583 2771 714 2829 peccare
1065 2808 1072 2823 ,

63 2831 81 2871 ἒ
110 2832 160 2888 20.
181 2830 351 2890 Attendere
375 2830 464 2890 debet
478 2831 693 2901 confessarius,
713 2832 783 2890 dom
798 2830 977 2890 confitentur
991 2851 1023 2889 se
1065 2867 1072 2903 ,

23 2925 24 2928 ’
69 2908 201 2986 lignatus
212 2929 276 2969 esse
288 2929 377 2968 unum
389 2924 441 2968 aut
451 2910 577 2969 alterum
589 2909 740 2982 baculum,
757 2909 844 2969 illos'
838 2921 1072 2987 interrogem,

69 2987 125 3125 (lup
135 3007 208 3059 esse,
220 3009 257 3046 an
271 2989 326 3048 sub
336 2992 455 3049 nominc
466 2989 561 3049 baculi
576 3010 634 3050 non
654 2989 1021 3068 comprehendantparvas
1067 3028 1072 3063 Ι

69 3087 104 3126 ar
125 3087 201 3126 ores.
433 3080 437 3092 '
514 3110 515 3114 ,
1067 3108 1072 3145 ,

67 3150 156 3204 30.
179 3148 342 3206 Damnum
353 3142 497 3207 illatum
489 3168 519 3207 ιιι
546 3149 695 3208 secatione
719 3146 924 3206 arbusculreiu
943 3148 1026 3208 serie
1068 3188 1072 3225 ,

67 3225 217 3305 plantatae,
235 3228 399 3305 prasertim
423 3228 514 3305 juxta
534 3228 611 3288 viam
634 3226 790 3306 publicam,
820 3227 936 3286 desumi
959 3247 1021 3285 non
1068 3271 1072 3306 ,

68 3304 159 3373 debet
172 3327 211 3363 ex
221 3327 267 3377 eo,
288 3308 367 3387 qudd
381 3309 483 3386 exigui
497 3308 557 3367 sint
577 3308 706 3366 valoris
699 3327 729 3366 ιιι
741 3306 845 3366 ordine
867 3307 926 3365 ad
911 3326 1020 3384 ignem
1069 3368 1071 3373 ,

66 3383 242 3456 faciendum,
258 3389 309 3446 sed
324 3388 410 3445 simul
425 3409 463 3447 ex
474 3389 613 3466 expensis
628 3388 724 3459 factis,
743 3386 799 3447 rel
814 3387 964 3457 faciendis,
985 3398 1021 3445 ut
1069 3430 1072 3467 ,

35 3469 36 3472 ’
66 3462 134 3525 loco
148 3463 283 3527 abscissa
298 3467 392 3527 altera
405 3467 561 3526 inferatur.
