2160 4034
37 184 39 189 >
92 162 132 222 30
409 160 411 163 ’
489 175 678 219 rnacrarns

93 284 193 363 aliquo
217 283 302 343 istius
316 282 435 343 familiae
449 284 541 344 fuisse
566 284 761 344 occultatam:
791 283 873 362 qudd
898 285 922 342 si
946 285 1048 363 plures

93 364 241 423 locatores
255 364 378 423 eandem
394 363 513 423 domum
529 363 769 436 inhabitaverint,
791 364 896 422 &sciri
910 375 1049 442 nequeat,

94 445 141 502 oui
163 443 282 502 familiae
306 443 459 512 debeatur,
481 444 559 503 idem
583 443 751 503 faciendum
774 455 820 502 est
840 464 905 502 oum
921 444 979 502 illis
992 465 1045 523 pe-

95 522 198 591 cuniis,
219 525 295 580 sicut
309 543 374 581 cum
390 521 474 582 bonis
488 524 626 582 inventis.

135 602 210 663 Vll.
230 602 348 661 Notent
372 603 427 662 hae
438 602 591 661 occasione
615 603 805 672 Confessarii,
826 601 875 684 qui
903 604 1046 662 assistunt

92 681 287 752 moribundis,
309 681 358 762 qui
384 682 516 740 solitarie
539 683 688 752 vixerunt,
710 685 912 741 &noscuntur
935 682 1045 743 habere

92 763 241 840 pecunias,
261 773 296 820 ut
309 772 414 840 petant
427 762 604 839 tempestive
617 761 655 819 ab
669 763 721 831 eis,
742 782 779 820 an
794 762 896 820 nullibi
907 764 1045 839 pecunias

92 840 320 900 absconderint?
363 840 482 914 Quodsi
492 841 647 911 affirment,
658 841 1043 919 argenteosConfessarius‚

92 930 127 979 ut
151 920 181 979 id
205 921 290 978 alicui
306 921 449 990 revelent,
470 930 504 978 ut
525 920 567 979 ita
590 920 790 998 impediantur
811 921 896 990 mala,
925 941 990 999 quae
1005 942 1044 978 ex
1073 955 1074 960 κ

92 1000 201 1082 iniquis
226 999 440 1079 suspicionibus
454 1010 524 1059 nata
547 1010 616 1059 sunt
636 1001 728 1082 sequi,
748 1021 818 1059 casu
830 1020 889 1081 quo
911 1002 1044 1078 pecuniae

91 1098 151 1140 non
166 1080 362 1157 reperiantur.
1073 1084 1074 1091 ’

132 1160 182 1216 Αιι
198 1154 292 1218 sci'ens
305 1159 399 1217 latere
413 1159 584 1218 thesaurum
599 1158 628 1216 in
644 1179 717 1238 agro
737 1157 844 1230 alieno,
864 1159 945 1218 licite
966 1159 1044 1218 hunc
1073 1167 1074 1171 ’

93 1257 197 1316 agrum
212 1240 285 1297 emit
298 1239 396 1316 pretio
410 1239 583 1299 communi?
744 1248 749 1257 ¹

132 1317 224 1379 Vlll.
247 1319 284 1377 R.
306 1318 511 1378 Affirmative:
531 1317 609 1376 ratio
623 1327 678 1388 est,
706 1312 787 1397 qnod
814 1317 943 1395 pretium
965 1338 1044 1376 com·

90 1416 180 1458 mune
204 1397 266 1455 sive
291 1397 473 1456 ordinarium
498 1399 537 1456 sit
559 1397 688 1474 pretium
717 1398 833 1473 justum
857 1399 943 1455 istius
967 1399 1043 1475 agri,
1073 1432 1074 1439 ι

92 1475 158 1536 crim
179 1476 336 1536 thesaurus
349 1497 407 1535 non
433 1479 472 1536 sit
485 1497 554 1554 pars
567 1476 661 1548 fundi,
683 1477 734 1535 sed
757 1487 825 1535 ante
839 1477 1043 1535 inventionem

93 1558 119 1614 8r
133 1556 397 1633 apprehensionem
409 1557 448 1615 sit
462 1556 579 1614 nullius.

134 1635 204 1712 obj.
226 1638 251 1693 l.
271 1636 341 1694 Non
355 1636 426 1695 licet
440 1637 458 1694 h
471 1636 582 1694 rustico
597 1655 696 1694 emere
707 1634 757 1692 vili
772 1634 869 1712 pretio
883 1654 1043 1712 gemmam,
1073 1647 1074 1681 1

93 1734 180 1792 quam
196 1715 259 1791 ipsc
272 1724 359 1792 putat
372 1734 437 1773 esse
451 1715 561 1773 vitrum
574 1737 582 1782 3
601 1733 683 1792 ergo,
706 1716 758 1773 &a

131 1794 171 1852 R.
193 1794 361 1871 Disperitas
372 1805 426 1865 est,
442 1793 520 1871 quod
532 1793 868 1870 sicvendensgemmam
878 1793 1047 1870 decipiatur·

92 1873 190 1952 quoad
201 1873 405 1943 substantiam,
426 1873 492 1932 edm
507 1874 679 1951 prestantia
692 1891 816 1950 gemmae
830 1872 869 1930 sit
883 1892 951 1950 pars
965 1872 1046 1950 ejus:

92 1953 199 2012 deinde
207 1972 266 2010 non
279 1952 404 2012 solvitur
411 1949 637 2031 pretiumquod
646 1971 764 2031 gemma
771 1950 861 2010 hahet
867 1971 904 2009 ex
914 1970 1046 2010 commu·

91 2031 122 2089 ni
136 2031 351 2091 aestimatione:
372 2033 528 2090 thesaurus
542 2034 614 2090 vero
627 2050 686 2090 non
702 2041 748 2090 est
761 2050 829 2109 pars
844 2030 918 2108 agri,
930 2031 956 2088 a
970 2050 1046 2107 ager

91 2112 202 2180 emitur
220 2110 304 2186 justo
318 2111 415 2188 pretio
430 2111 591 2171 secundum
609 2130 793 2170 communem
808 2110 1046 2168 estimationem.

104 2204 111 2214 ‘
131 2189 202 2268 Obj.
216 2193 244 2248 2.
267 2189 437 2249 Thesaurus
449 2189 947 2260 estinventns,dumsciturlatere:
969 2208 1045 2267 ergo

92 2268 246 2328 dimidium
262 2280 308 2328 est
321 2270 444 2328 Domini
458 2271 533 2348 agri,
555 2281 704 2347 augetque
718 2270 857 2348 pretium.

130 2348 169 2407 R.
190 2349 270 2406 Dist.
290 2359 384 2407 antec.
418 2350 475 2407 Est
486 2350 624 2408 inventus
637 2348 783 2418 inchoate,
798 2369 879 2407 conc.
893 2356 987 2407 antec'.
999 2356 1046 2405 est

89 2427 229 2486 inventus
254 2427 400 2506 complete
425 2430 451 2487 lv
475 2429 655 2488 sufficienter
682 2448 716 2486 ao
743 2427 955 2506 acquirendum
980 2426 1046 2503 ¹ejus

90 2506 264 2576 dominium,
278 2526 355 2585 nego
370 2518 465 2567 antec.
477 2528 545 2567 nam
557 2508 594 2592 ad
609 2508 665 2566 hoo
675 2507 839 2585 requiritur
847 2507 1044 2585 apprehensio
1072 2532 1074 2566 ι

90 2605 141 2644 seu
157 2586 320 2664 occupatio.
545 2645 547 2650 ,

104 2681 109 2688 ’
130 2665 223 2742 Cujus
238 2676 307 2724 sunt
319 2685 409 2735 venae,
424 2686 490 2745 qum
500 2667 529 2724 in
540 2676 629 2726 terrae
643 2665 790 2725 viceribus
804 2665 1020 2725 inveniuntur?

103 2760 108 2769 ·
131 2744 192 2803 lx.
213 2745 251 2803 R.
274 2746 367 2805 Venae
378 2756 447 2805 sunt
461 2745 586 2823 duplicis
596 2745 723 2823 generis,
746 2745 858 2802 scilicet
879 2743 1042 2813 metallicae,

90 2825 275 2883 continentes
289 2844 404 2896 aarum,
418 2834 584 2903 argentum,
599 2835 746 2895 stannum,
761 2825 812 2898 &a
834 2825 859 2880 a
874 2834 1041 2894 terrestres,
1073 2852 1074 2859 ι

89 2904 275 2962 continentes
289 2903 441 2974 carbones,
462 2913 572 2963 cretam
587 2903 749 2981 &lapides

103 3012 105 3016 ⁴
130 2982 271 3060 Spectato
280 2981 351 3060 jure
364 2994 488 3053 natura,
508 2983 649 3041 videntur
663 2984 813 3060 pertinere
826 2982 863 3040 ad
877 2982 1041 3040 Dominum

88 3061 182 3130 fundi,
204 3063 274 3139 qnia
285 3064 332 3120 vel
346 3073 415 3120 sunt
427 3063 542 3121 fructus
555 3072 607 3120 ant
618 3061 721 3120 saltem
736 3081 805 3138 pars
817 3061 912 3119 fundi.
1072 3118 1074 3128 ,

102 3152 106 3173 ⁴
130 3141 250 3219 Sylvius
264 3151 362 3200 tamen
378 3144 404 3199 ta
419 3141 540 3200 Lessius
554 3141 667 3211 volunt,
689 3141 768 3218 quod
783 3160 865 3199 venae
886 3139 1042 3200 metallica

89 3218 149 3277 sint
158 3221 285 3278 nullius:
307 3221 451 3299 quidquid
463 3222 511 3289 sit,
528 3220 670 3297 Princeps
681 3220 825 3298 perleges
834 3221 977 3298 positivae
989 3220 1042 3279 has

88 3316 178 3358 venas
192 3299 249 3357 sihi
263 3299 434 3369 vindicavit,
445 3298 585 3369 concessis
597 3309 683 3377 parte
693 3301 851 3370 inventori,
865 3301 1041 3377 &compen-

88 3387 153 3436 sato
167 3377 284 3448 damno,
299 3379 378 3457 quod
390 3380 483 3438 fundo
498 3379 632 3438 infertur.

97 3473 102 3482 ·
126 3457 220 3517 Vena
234 3468 392 3517 terrestres
403 3469 472 3518 sunt
485 3459 573 3529 illius,
593 3456 676 3536 cujus
688 3468 734 3517 est
746 3456 856 3517 fundus
870 3457 967 3536 quoad
979 3477 1042 3517 om·

84 3555 151 3595 nam
164 3538 387 3615 proprietatem.

127 3615 269 3686 Gemma,
290 3616 382 3696 lapilli
397 3616 542 3676 &similia
566 3636 631 3694 quaa
646 3616 675 3674 in
699 3615 803 3675 littore
825 3616 914 3674 maris
929 3617 954 3674 dc
967 3615 1042 3675 alibi

82 3694 210 3754 inveniri
222 3697 330 3770 solent,
346 3706 504 3757 censentur
518 3715 582 3756 esse
596 3695 716 3767 nullius,
730 3716 764 3754 ao
773 3694 847 3755 adeo
861 3695 926 3755 heri
939 3696 1038 3774 primd

69 3777 256 3849 occupantis.
