2160 4034
64 137 105 195 44
374 158 377 163 ¹
444 155 634 199 marcesces

67 259 192 318 retineri
209 267 243 317 ut
258 262 367 319 veritas
385 257 560 340 inquiratur.
601 262 648 317 2⁰.
672 259 705 318 In
721 278 756 319 eo
771 261 849 339 quod
862 263 959 341 major
972 265 1021 324 rei*

66 339 167 417 portio
181 339 297 398 ceteris
311 339 431 415 paribus
444 340 608 416 possessori
622 338 817 416 adjudicetur.
848 344 895 399 30.
919 343 953 401 In
968 362 1014 413 eo,

69 417 147 495 qudd
163 418 187 475 si
202 418 315 475 oriatur
329 419 531 477 controversia
545 439 635 495 super
649 419 692 476 rei
707 419 848 489 dominio,
875 421 1014 498 probatio

67 497 219 555 incumbat
233 497 332 574 potios
344 496 513 556 adversario
525 499 612 574 quam
624 499 805 575 possessori:
826 500 934 559 deinde
948 520 1022 578 pos·-

70 576 162 635 sessio
175 577 247 634 facit
258 577 515 654 praesumptionem
525 575 613 653 juris,
641 578 775 655 adeoque
793 579 886 637 donec
899 592 1017 639 contra·

42 711 46 721 ,
67 655 566 734 riumprobetur‚possessorvarios
576 655 680 732 injure
689 657 1019 736 favorescensequiturz

69 737 159 812 atque
171 735 213 795 ita
223 736 328 794 melior
339 746 385 793 est
399 735 529 793 conditio
544 735 734 812 possidentis,
745 736 797 795 sed
806 739 1016 797 censcientiam

68 814 187 874 dubiam
199 835 257 873 nou
272 814 372 873 reddit
383 824 504 873 certam.

109 895 200 954 Ratio
215 905 270 964 est,
297 893 376 974 quod
390 895 582 971 presumptio
592 892 670 970 juris
679 892 730 970 jus
744 914 802 952 non
814 895 935 967 tribuat,
963 898 1018 956 sed

67 973 169 1053 potiris
183 984 347 1052 supponat:
367 973 446 1032 unde
459 972 530 1030 licet
540 973 569 1029 in
580 973 647 1030 furo
662 975 804 1032 exteriori
824 976 1018 1053 praesumptio

49 1053 151 1112 xvelut
165 1065 246 1112 certa
260 1053 411 1121 habeatur,
427 1054 455 1109 in
472 1051 652 1110 conscientia
665 1062 762 1110 tamen
778 1056 889 1112 tanturn
900 1054 1020 1114 obtinet

65 1134 156 1211 juxta
169 1132 375 1191 certitudinem
391 1133 484 1208 ipsius
493 1130 581 1209 juris.

71 1251 74 1256 A
110 1211 191 1285 Quid
202 1212 295 1289 igitur
307 1211 484 1280 faciendum,
500 1210 524 1268 si
545 1221 613 1287 post
627 1209 755 1288 diligens
765 1231 900 1283 examen,
915 1213 953 1272 de
972 1214 1018 1272 rei

67 1291 348 1352 dominioconstare
362 1311 419 1348 nou
435 1290 553 1368 possit?
1008 1328 1011 1333 -

82 1390 86 1400 ’
109 1371 166 1431 VI.
186 1371 225 1429 R.
245 1371 380 1448 AEquum
403 1369 532 1440 videtur,
557 1379 590 1428 ut
603 1389 658 1447 pro
672 1379 738 1429 rata
751 1369 832 1429 dubii
849 1391 898 1430 res
912 1370 1019 1449 ejusve

70 1450 226 1510 oestImatio
242 1449 401 1509 dividatur.
429 1459 432 1469 ‘
997 1498 1000 1503 ,

111 1530 184 1590 VII.
206 1530 365 1608 Excipitur
378 1529 425 1586 hic
439 1528 622 1606 praesoriptio
636 1529 790 1587 triennalis
801 1528 945 1599 beneficii,
956 1531 1020 1612 qub

53 1608 269 1669 ‘Beneficiatus
280 1608 454 1687 praescribit,
469 1610 539 1668 iicet
550 1608 717 1667 dubitet·de
734 1608 804 1685 jure
818 1629 882 1667 sno.
923 1610 1018 1670 Ratio

69 1699 125 1756 est,
149 1689 228 1768 qubd
243 1688 378 1747 Ecclesia
391 1688 513 1746 dubium
528 1689 652 1759 auferat,
677 1698 708 1746 et
722 1688 774 1746 det
782 1687 834 1766 jus
847 1699 963 1747 certum
979 1690 1016 1749 ad

64 1768 133 1828 lites
147 1768 396 1836 exterminandas,
410 1773 461 1827 &a

71 1894 74 1899 .
108 1848 250 1921 Quaenanr
262 1848 299 1905 ad
308 1849 383 1906 banc
391 1846 525 1905 beneficii
537 1847 789 1925 praescriptionem
801 1847 1014 1926 requiruntur?

107 1927 145 1986 R.
166 1927 217 1983 Ex
239 1927 344 2003 regula
357 1929 404 1983 33.
421 1925 609 1986 Cancellariae
633 1927 721 1985 Rom.
736 1928 928 2005 requiruntur·
952 1927 1015 1987 baec

65 2006 133 2075 tria,
150 2008 196 2062 1⁰.
210 2005 363 2063 triennalis
371 2006 518 2088 possessio
527 2007 662 2082 pacifica;
678 2008 726 2063 20.
736 2017 838 2064 utnon
851 2007 889 2064 sit
900 2001 1013 2084 ingres·

67 2105 116 2145 sus
131 2085 306 2143 simoniacus
318 2109 326 2153 ;
339 2087 386 2142 30.
401 2096 434 2142 ut
447 2083 591 2142 habeatur
601 2085 705 2142 titulus
717 2085 820 2143 saltem
836 2087 995 2144 coloratus.

108 2164 248 2237 Quaenam
263 2164 432 2241 ignorantia
449 2163 534 2221 bonae
549 2163 617 2223 fidei
632 2164 833 2224 adversatur?
941 2211 945 2219 .

106 2244 198 2304 VIII.
219 2244 259 2319 R.
275 2247 320 2301 10.
341 2242 472 2305 Videtur
486 2243 581 2302 omnis
589 2244 758 2320 ignorantia
771 2243 935 2321 culpabilis,
950 2245 1013 2305 sire

61 2321 149 2401 juris,
164 2325 226 2383 sive
235 2325 316 2391 facti,
325 2325 442 2382 auferre
455 2322 559 2381 bonam
569 2323 658 2381 fidem
669 2347 677 2390 ;
690 2323 866 2403 quianullus
877 2335 1015 2384 censetur

66 2403 210 2462 bonafide
219 2406 366 2479 ignorare,
380 2401 460 2481 quod
470 2403 549 2460 scire
563 2412 681 2480 poterat
690 2413 720 2460 et
734 2401 870 2461 debebat.
905 2403 941 2462 Id
954 2405 1010 2463 sal·

64 2492 126 2541 tern
138 2483 176 2541 de
186 2481 354 2558 ignoranda
367 2501 465 2539 crassa
478 2493 531 2540 aut
539 2483 678 2540 affectata
691 2491 804 2540 certum
819 2493 874 2540 est.

106 2562 165 2620 IX.
186 2564 233 2619 20.
256 2560 621 2638 ignorantiaiucuipabilis
635 2560 819 2619 “facti’'non
832 2561 1014 2622 nocetbonae

65 2640 155 2700 fidei:
170 2641 274 2700 verdm
301 2639 469 2717 ignorantia
483 2639 612 2717 “juria'’
629 2639 700 2699 licet
722 2640 802 2699 foret
816 2641 1013 2720 inculpabilis,

69 2720 197 2798 impedit
209 2721 314 2779 bonam
328 2719 429 2777 fidern':
469 2719 515 2777 Ita
530 2719 655 2778 babetur
668 2719 735 2797 lege
744 2720 938 2798 jurisdIgest.
949 2722 1013 2780 “de

66 2807 85 2838 “
95 2800 173 2877 juris
183 2811 213 2857 et
226 2799 297 2856 facti
312 2798 513 2875 ignorantia:'’
535 2808 554 2836 “
565 2799 649 2860 Juris
660 2799 827 2876 ignorantia
836 2801 864 2856 in
875 2802 1013 2878 usucapi-

66 2887 85 2916 “
100 2897 158 2937 one
172 2878 315 2956 prodesse
328 2889 463 2955 negatur,
487 2878 557 2935 facti
572 2878 642 2937 verd
657 2879 853 2956 ignorantiam
868 2880 1016 2957 prodesse

66 2965 86 2995 “
99 2957 241 3016 constat.’'
282 2958 374 3017 (Iasus
387 2955 521 3016 babetur
544 2956 594 3016 Iib.
618 2960 666 3017 41.
681 2957 787 3035 digest.
802 2958 849 3016 tit.
869 2961 897 3015 3.
911 2969 929 2995 “
946 2959 978 3017 Si
994 2961 1015 3017 a

65 3045 85 3076 “
99 3037 211 3115 pupillo
226 3056 326 3095 emero
341 3036 404 3094 siue
428 3038 536 3095 tutoris
550 3037 741 3106 authoritate,
765 3056 851 3117 quem
866 3036 1012 3114 puberem

65 3124 85 3170 ‘ss
99 3137 164 3174 esse
179 3115 290 3194 putem,
317 3116 442 3174 dicimus
457 3117 664 3194 usucapIonern
679 3115 882 3196 sequi...qudd
896 3117 920 3174 si
936 3118 1014 3176 scias

64 3203 82 3234 “
96 3197 240 3273 pupillum
256 3216 329 3267 esse,
350 3207 437 3271 putes
451 3206 549 3254 tamen
569 3195 688 3273 pupillis
698 3195 788 3253 licere
802 3215 850 3253 res
864 3215 931 3253 suas
946 3197 1013 3256 siue

64 3283 83 3312 ‘⁴
97 3276 205 3333 tutoris
219 3275 401 3333 authoritate
414 3274 631 3346 administrare,
652 3295 711 3334 non
732 3277 830 3352 capies
850 3294 915 3346 usu,
940 3278 1012 3357 quia

62 3361 82 3392 “
91 3353 170 3432 juris
183 3375 268 3413 error
281 3354 353 3412 nulli
367 3354 528 3430 prodesses

74 3454 77 3459 ’
105 3434 179 3492 Cium
204 3435 304 3514 itaque
328 3434 557 3511 praescriptionis
580 3434 625 3491 vis
646 3453 684 3492 ex
699 3433 893 3511 dispositione
906 3433 1009 3511 legum

61 3513 198 3590 pendeat,
213 3514 378 3584 dicendum,
393 3514 589 3590 ignorantiam
600 3513 679 3591 juris
692 3513 859 3573 nullatenus
873 3513 909 3574 ad
919 3533 1010 3592 praes·

59 3592 233 3673 criptIonem
249 3594 390 3668 sufficere,
412 3593 500 3654 etiam
515 3593 545 3652 in
559 3593 626 3653 fo'ro
640 3594 835 3654 conscientia.
874 3641 877 3650 ,
