2160 4034
352 131 396 174 nu
415 124 496 176 sunu
516 132 559 176 ar
578 132 733 178 suerri-re.
968 116 1025 176 lea

68 244 157 292 uun
169 242 228 305 eet,
241 233 322 316 qued
335 232 446 312 injuste
460 245 621 314 occupetur
636 237 683 296 rel
697 235 867 296 detineatur
886 235 1026 310 alienum,

71 308 247 451 ludpbiedud
259 313 480 381 restitutionem
493 325 630 387 tenetur;
651 316 721 394 quia
729 316 825 376 socius
836 327 883 376 est
895 317 1027 379 criminis

76 399 107 450 et
129 412 185 450 rau
207 393 244 451 is.

109 472 156 529 20.
190 472 365 531 Advocatos
392 473 422 530 in
447 473 648 532 criminalibus
671 483 772 552 potest
804 475 887 554 (sine
909 475 1027 537 fallacia

78 550 187 630 umen)
196 570 283 611 reum
296 551 458 612 defendere
469 554 495 611 lc
506 553 618 612 crimen
628 552 692 632 ejus
701 553 859 624 occultare,
874 554 904 612 in
918 554 1026 635 quibus

44 632 53 643 '
79 628 197 709 bsemet
209 650 280 689 reus
289 640 389 708 potest
399 650 432 689 se
442 632 605 692 defendere
613 643 645 692 et
654 653 806 703 excusare,
821 653 850 691 r.
863 653 893 711 g.
906 635 1025 715 quando

79 707 156 789 culpa
173 719 223 768 cst
247 710 387 781 occulti,
403 722 455 769 aut
482 730 520 770 ne
547 711 667 792 quidem
693 713 868 790 semi-plene
891 715 1026 791 probata,

79 788 187 869 qnando
202 804 261 848 non
276 800 395 849 servato
414 788 494 868 juris
507 791 613 851 ordine
627 801 765 862 vexatur,
779 797 831 852 &a
853 792 1025 853 defenditur

79 866 145 927 enim
166 877 248 937 tunc,
268 889 327 928 non
343 880 376 927 ut
389 869 571 940 malefactor,
593 870 645 929 sed
661 882 694 929 ut
704 869 756 950 jus
771 872 901 930 habens:
922 892 1025 932 cunse-

106 956 197 1006 cnter
211 948 249 1006 ab
264 949 344 1006 omni
357 948 548 1008 restitutione
556 949 633 1009 liber
646 960 693 1008 est
709 951 893 1021 Advocatue,
908 952 1027 1011 etiamsi

98 1046 113 1084 r
128 1036 201 1104 post
215 1026 423 1103 liberationem
437 1028 535 1087 denuc
549 1029 676 1087 furetur.

38 1142 44 1149 ·
74 1132 78 1137 ·
100 1105 245 1169 Tenetur
258 1120 357 1166 tamen
371 1127 411 1166 ex
421 1107 566 1169 charitate
582 1108 756 1167 Advocatus
770 1108 865 1168 furem
882 1110 959 1169 serid
973 1111 1025 1169 ad·

44 1226 46 1232 ·
67 1203 192 1247 mouere
207 1186 245 1246 de
258 1187 452 1245 restitutione
465 1187 609 1258 ludenda,
634 1197 666 1246 et
687 1208 791 1247 curare
805 1189 921 1248 meliori
935 1189 1026 1249 modo

21 1298 24 1327 :
65 1282 124 1343 que
139 1275 254 1343 potest,
273 1275 308 1323 ut
322 1265 507 1325 effectuliat.

101 1344 156 1402 30.
177 1344 361 1414 Advocatus‚
382 1346 433 1426 qui
454 1366 508 1423 per
521 1345 661 1416 fallacias,
681 1346 773 1406 falsos
787 1357 890 1418 testes,
911 1348 1023 1409 aliosve

26 1466 28 1471 ,
63 1422 175 1483 nodos
195 1422 323 1501 injustos
334 1424 434 1483 furem
447 1426 465 1484 d
480 1425 614 1485 manibus
623 1426 734 1504 judicis
747 1426 895 1497 liberavit,
917 1428 943 1486 si
956 1428 1026 1488 inde

21 1554 26 1575 ,
63 1502 127 1575 tat,
150 1504 232 1582 quod
254 1504 406 1562 restitutio
429 1505 609 1582 impediatur
630 1506 677 1564 vel
699 1525 810 1565 novum
824 1505 965 1565 damnum
979 1508 1024 1565 in-

64 1582 193 1653 feretur,
214 1581 296 1661 quod
320 1583 478 1660 praevideri
499 1594 551 1642 aut
564 1583 665 1644 timeri
680 1583 816 1656 debebat,
841 1596 960 1646 tenetur
973 1587 1025 1647 de·

65 1660 149 1721 lectu
161 1662 240 1720 furis
251 1662 289 1721 ad
297 1664 528 1721 restitutionem.

69 1742 161 1881 off{bru
173 1741 288 1800 licitum
301 1751 347 1800 est
361 1761 460 1801 emere
471 1763 515 1814 ea,
530 1762 596 1823 qua
608 1742 717 1802 milites
731 1743 1025 1820 promiscudvenulia

146 1823 228 1881 unt?
297 1852 300 1860 ·

107 1900 151 1959 X.
174 1901 214 1977 R.
245 1900 375 1959 Licitum
402 1910 449 1960 est
469 1902 488 1960 a
506 1901 652 1959 militibus
675 1920 778 1961 emere
801 1902 917 1981 praedes
939 1904 1022 1980 juste

69 1979 182 2040 ablatas
196 1979 234 2038 ab
248 1980 384 2040 hostibus
398 1981 488 2038 etiam
503 1980 720 2038 innocentibus.

106 2061 169 2121 Sed
184 2060 236 2142 qui
250 2060 323 2119 emit
336 2079 355 2118 a
367 2059 512 2118 militibus
525 2080 574 2118 res
588 2059 699 2118 alienas
712 2059 822 2136 injuste
836 2058 958 2131 ablatae,
979 2072 1024 2122 te·

72 2149 158 2199 uetur
169 2139 289 2199 easdem
301 2139 460 2199 restituere
471 2139 607 2210 dominis,
622 2139 713 2217 idque
724 2150 784 2198 tam
793 2139 909 2199 ratione
923 2160 1026 2221 recep·

70 2219 196 2289 tationis,
226 2239 313 2299 quam
337 2218 454 2296 injustae
477 2219 713 2297 participationis
735 2219 765 2275 in
787 2238 839 2286 re;
870 2231 900 2278 et
927 2221 1024 2280 adbuc

68 2299 163 2359 minda
183 2299 300 2369 fuscet,
320 2299 363 2356 ait
379 2299 527 2376 steyaert,
547 2299 573 2357 si
587 2318 605 2356 a
618 2296 762 2356 militibus
776 2298 929 2377 spoliatus,
952 2299 1021 2360 ideo

23 2375 32 2385 '
71 2379 212 2457 spoliares
225 2378 301 2437 alios
315 2377 435 2436 milites.

102 2458 238 2517 Licitum
249 2468 349 2517 tamen
363 2467 410 2516 eet
423 2477 441 2515 a
454 2456 598 2516 militibus
609 2457 742 2534 accipere
750 2476 809 2527 ree,
823 2476 896 2535 quas
905 2457 934 2514 in
947 2457 1023 2517 indi-

21 2521 35 2613 'j
70 2537 156 2597 vidue
166 2536 326 2616 perdidisti
338 2558 345 2595 ι
366 2537 431 2596 etsi
440 2556 489 2596 res
500 2547 559 2594 tuae
569 2537 647 2614 apud
659 2535 768 2595 milites
778 2556 844 2594 cum
856 2537 921 2593 aliis
932 2536 1022 2597 rebus

21 2610 35 2635 ι
70 2617 124 2675 rint
138 2617 271 2676 confusae
284 2616 332 2674 vel
346 2617 512 2694 permixtae,
536 2636 564 2674 v.
577 2635 608 2692 g.
629 2635 722 2693 grana
735 2614 870 2693 conjecta
890 2616 921 2672 iu
942 2635 1022 2674 eom·

21 2716 37 2781 κ’
69 2714 184 2755 ιιιιιιοιιι
201 2714 336 2767 massam,
357 2707 443 2773 potes
454 2695 523 2754 inde
532 2696 665 2773 accipere
679 2704 803 2766 tantum,
826 2705 967 2774 quantum
982 2696 1036 2756 de·

21 2782 28 2794 “
71 2785 120 2836 tuo
135 2775 303 2835 admixtum
318 2784 374 2834 est.

261 2934 302 2992 N.
316 2936 364 2991 80.
405 2934 466 2991 DII
488 2932 831 2992 PARTIOIPANTE.

21 3070 31 3109 t
66 3054 92 3115 I.
111 3055 304 3133 Particiocue
316 3055 481 3135 cstduplea.
523 3055 566 3114 11.
585 3055 775 3133 Partimpons
794 3055 905 3113 tactaim
927 3057 959 3113 ia
982 3077 1021 3116 re.

21 3155 27 3175 ι
104 3134 169 3194 III.
195 3137 259 3208 Quo
285 3134 366 3192 titulo
392 3145 526 3193 mutatur.
582 3134 638 3194 IV.
657 3132 796 3212 Exceptio
809 3135 842 3192 ire
869 3136 1020 3212 accaprenoe

21 3244 33 3291 p
103 3214 269 3273 solutionem
289 3213 309 3271 ὰ
319 3214 399 3291 sure.
440 3215 479 3273 V.
498 3213 687 3290 Partim'pans
701 3216 732 3271 irc
744 3215 853 3272 actione
864 3215 1020 3292 estduplec

26 3306 30 3315 ’
103 3292 163 3353 VI.
188 3292 340 3352 Teneretur
362 3296 388 3352 si
413 3293 526 3374 influat,
567 3292 641 3352 VlI.
671 3291 859 3369 Participanr
884 3313 919 3351 ccc
944 3303 1018 3352 metu

103 3376 202 3449 praui.
252 3372 345 3434 VIII.
370 3374 545 3450 Quandoque
552 3382 645 3451 potest
660 3375 798 3433 murari.
838 3370 896 3431 IX.
923 3370 1022 3433 otner-

105 3454 243 3513 ocndum.
285 3451 327 3511 X.
346 3452 512 3531 Proposito
524 3453 670 3511 damnata.

106 3572 132 3631 Ι.
148 3571 291 3632 OMNIS
304 3591 467 3650 cooperans
477 3581 524 3630 est
533 3570 654 3649 quidem
664 3590 734 3630 vere
742 3569 921 3647 participans
930 3572 1021 3632 modu

65 3652 220 3730 generali;
240 3651 293 3714 sed
306 3663 451 3732 praeterea
465 3651 601 3789 speeiapis
615 3661 662 3713 est
675 3650 789 3722 modus,
803 3668 863 3731 quo
876 3651 943 3731 quis
957 3652 1024 3714 sine

514 3749 540 3791 nn
