2182 4036
326 174 370 216 ua
388 172 472 216 reru
490 172 532 216 ur
552 171 705 218 suerrum.
958 159 996 217 93

82 279 134 337 ⁸⁰.
154 277 302 356 Accepta,
322 281 413 356 opere
428 275 494 355 jem
512 275 603 347 fecto,
623 276 754 336 retinere
767 274 848 348 iicet,
868 276 895 337 ei
913 276 1000 342 leber

51 357 146 437 operis
166 358 239 416 rere
258 366 378 417 meueat
397 355 496 434 pretio
516 355 716 416 metimebilis:
735 375 765 415 r.
777 375 807 434 g.
824 367 946 436 accepte
959 359 998 418 ob

140 434 253 496 servile
272 435 321 495 die
339 436 420 495 festo
439 435 544 494 illicite
562 436 704 514 positum,
724 445 846 515 occepta
862 456 918 515 pro
932 440 998 517 ipso

117 516 149 575 ‘o
161 513 309 574 fabricato
323 515 360 575 ad
374 513 579 574 occidendum.

84 595 149 655 Sed
158 595 287 673 questio
300 593 445 672 perplexe
453 603 509 664 est,
523 613 561 653 eu
571 603 692 672 accepta
703 594 740 653 ob
752 613 826 672 opas
838 594 997 655 intrinsece
1048 655 1051 660 .

51 673 168 745 maium,
182 673 271 733 uliter
283 693 344 732 nou
361 671 546 743 animabile,
567 674 656 752 quim
671 674 818 753 queteude
830 674 869 732 ed
887 674 999 734 mulum

51 764 190 832 teuquem
202 753 344 812 adfinem
359 753 458 830 operis
471 752 635 822 ordinatur,
650 764 741 830 opere
751 763 870 832 petroto
879 753 999 815 restitui

51 832 199 893 debeant?
220 853 249 891 v.
262 853 292 910 g.
305 834 440 894 Joannes
458 831 573 910 accepit
590 842 653 891 tres
665 831 795 892 florenos
809 835 827 892 e
843 834 946 904 Petro,
964 845 1000 893 ut

51 912 165 975 recidat
177 913 243 990 ejus
256 912 426 970 inimicum:
446 912 591 983 meretrix
608 910 693 972 dedit
707 931 791 972 usum
806 914 852 971 eui
864 913 1000 991 corporis

51 990 199 1051 mediante
211 992 335 1070 pretio?

55 1096 58 1101 ·
87 1070 132 1131 11.
153 1071 193 1130 R.
213 1068 344 1130 Multdm
365 1069 483 1128 varient
503 1067 675 1130 Authoresr
698 1069 772 1131 Soto
798 1076 824 1128 dc
851 1070 999 1138 Deelmeu

51 1149 152 1208 dicunt
164 1148 240 1207 iliud
253 1148 355 1208 dotum
375 1168 464 1227 poree
484 1149 617 1220 retineri,
638 1150 664 1208 ei
684 1149 816 1209 conditio
831 1151 926 1228 turpis
939 1170 999 1210 non

52 1237 201 1307 repugnet
207 1227 344 1306 justitie,
359 1228 446 1287 sectis
459 1227 485 1287 si
498 1237 656 1307 repugnet.

95 1308 243 1386 Wiggers
251 1310 278 1366 e
287 1308 337 1366 elii
348 1308 459 1376 dieunt,
474 1327 533 1366 non
544 1327 632 1386 poseo
642 1307 777 1379 retineri,
791 1307 816 1366 si
827 1327 902 1386 opus
912 1317 1000 1387 turpe

52 1387 90 1446 eit
98 1386 170 1458 tale,
182 1386 530 1465 quodlegibuepuuitur,
541 1386 661 1446 scarleti
672 1386 857 1464 legibusnou
868 1388 1000 1466 punitur.

88 1466 158 1526 Van
174 1466 253 1544 Roy,
275 1468 456 1536 Brennum,
479 1465 585 1536 Collet,
608 1466 748 1538 Oeneius,
770 1468 821 1524 &c
834 1469 1001 1544 generatim

53 1544 161 1616 dicunt,
176 1545 249 1603 illud
260 1556 413 1624 acceptum
423 1545 642 1604 restituendum
653 1564 734 1615 esee;
755 1545 824 1623 quie
838 1545 863 1604 si
876 1548 1000 1606 retineri

54 1635 161 1700 posset,
181 1634 260 1684 esset
280 1624 358 1695 ideo,
380 1624 460 1702 quod
474 1623 547 1683 illud
562 1644 636 1701 opus
651 1625 691 1683 sit
707 1625 804 1702 pretio
819 1624 1000 1692 eestimebiie‚

58 1703 100 1761 rel
119 1703 203 1773 illud,
225 1702 305 1782 quod
326 1703 424 1773 detur,
444 1708 600 1762 censeretur
621 1703 685 1761 deri
704 1703 888 1762 liberaliter:
917 1705 1000 1782 etqui

59 1793 192 1841 neutrum
206 1783 265 1841 dici
284 1792 403 1860 potest3
422 1801 481 1841 uon
496 1784 642 1859 primum3
662 1782 731 1861 quie
744 1792 827 1840 actus
841 1782 1000 1841 intrinsece

51 1861 146 1921 melus
156 1882 217 1920 non
227 1863 334 1940 pretio,
344 1861 397 1921 sed
405 1860 550 1939 supplicio
559 1861 666 1939 dignus
677 1872 737 1922 este
757 1881 816 1920 non
828 1861 1002 1932 secundum;

60 1941 122 2018 quie
135 1941 225 1999 detur
238 1941 291 2000 sub
306 1941 476 2000 conditione
490 1960 624 2012 onerose,
646 1961 711 2019 quse
723 1941 902 2018 regulariter
915 1942 1002 1999 unice

59 2020 236 2090 intenditur;
256 2021 391 2098 adeoque
405 2018 488 2090 illud,
510 2019 591 2098 quod
605 2020 702 2091 detur,
721 2040 776 2099 pro
790 2020 841 2079 illa
855 2018 918 2079 dari
934 2040 1000 2079 een·

62 2101 179 2158 sendum
193 2109 249 2159 est.

94 2178 224 2256 Sylvius,
235 2178 396 2238 Billuert&
404 2179 505 2259 piures
513 2178 563 2237 ulii
573 2180 728 2249 sustinent,
740 2178 820 2258 quod
831 2188 1000 2238 contractus

60 2258 108 2316 tob
126 2258 298 2317 conditione
316 2259 399 2337 turpi
420 2259 483 2319 sire
503 2268 689 2336 repugnante
704 2258 840 2336 justitiet,
866 2259 929 2317 eive
949 2258 1001 2316 elii

62 2336 169 2406 virtuti,
190 2338 253 2396 sive
273 2337 390 2414 legibue
411 2338 550 2417 punietur
566 2339 712 2408 eirenen,
727 2337 883 2416 purificati
901 2336 1002 2396 condi·

61 2415 136 2476 tioue
143 2417 215 2494 jure
229 2427 341 2475 neturae
356 2417 479 2496 obliget,
493 2418 536 2476 eie
548 2427 583 2476 ut
593 2417 770 2495 promittens
781 2427 919 2476 teneatur
929 2417 1001 2475 dare

60 2513 116 2554 rem
129 2497 315 2573 promissam,
329 2502 355 2556 dt
368 2495 576 2576 promissorias
590 2516 657 2558 eam
672 2496 815 2575 occipere,
830 2502 856 2555 a
870 2496 1000 2554 retinere

79 2577 158 2634 ossit.

61 2593 78 2651 p
97 2653 177 2714 Huic
190 2648 345 2714 sententiae
358 2655 460 2716 ferere
468 2655 587 2715 videtur
600 2655 630 2716 S.
640 2655 749 2715 Thom.
760 2655 810 2732 qui
822 2653 852 2710 in
863 2661 1002 2731 quartum

63 2730 123 2792 dist
144 2736 190 2792 15.
215 2745 318 2812 quoeet.
339 2737 368 2792 2.
388 2745 444 2795 ert.
464 2738 493 2795 t.
513 2733 726 2813 quaestiunculis
745 2736 773 2791 2.
787 2733 877 2792 dicit:
898 2731 931 2793 Si
951 2731 1002 2792 lex

63 2813 209 2887 prohibuit
228 2824 336 2884 ectum,
358 2815 410 2874 sed
430 2834 490 2875 non
510 2814 634 2885 lucrum,
659 2813 812 2892 supposito
833 2821 910 2882 ectu,
931 2822 1002 2871 tunc

64 2893 190 2968 quemvis
205 2893 385 2971 acquirendo
399 2894 452 2952 teli
466 2904 533 2952 actu
547 2904 651 2952 eontra
660 2892 758 2969 legem
772 2891 887 2962 feeerit,
902 2901 1001 2951 temen

62 2972 185 3031 tenendo
198 2991 261 3030 uon
273 2972 345 3030 fecit
353 2983 456 3032 eontra
468 2972 575 3050 legem,
587 2973 663 3030 sicut
673 2972 739 3049 quis
750 2971 787 3031 de
797 2970 944 3030 lenocinio
954 2968 1003 3028 vel

63 3051 226 3110 meretricio
238 3050 387 3120 lucratum
407 3052 510 3112 &ideo
519 3053 581 3110 heec
590 3051 714 3111 retineri
726 3061 858 3128 possunt,
874 3051 900 3107 δι
914 3048 951 3108 de
965 3049 1002 3106 iis

64 3127 247 3209 eleemosyna
269 3131 336 3190 lieri
356 3141 466 3209 potest.
508 3130 593 3191 Idem
619 3130 692 3190 dicit
718 3133 749 3188 iu
775 3131 896 3189 Summe
922 3131 950 3186 2.
975 3130 1002 3186 2.

64 3213 294 3286 praesecaret.
309 3213 337 3269 2.
357 3211 388 3268 iu
408 3220 428 3248 ‘⁶
440 3210 546 3288 Oorp.”
567 3212 639 3270 item
660 3210 692 3267 iu
712 3220 850 3287 quertum
872 3208 941 3267 dist.
954 3209 1002 3264 33.

63 3300 153 3427 &m
170 3291 196 3348 l.
216 3299 272 3348 ert.
286 3292 314 3346 8.
334 3289 549 3368 questiunculd
570 3292 589 3347 2
609 3289 647 3348 od
667 3291 696 3346 3.
709 3289 793 3359 dicit,
813 3287 893 3366 qaod
907 3284 1002 3346 Judes

105 3388 167 3428 nes.
180 3388 244 3447 cap.
258 3371 307 3427 33.
320 3369 439 3429 fecisset
452 3369 591 3448 injuriam
612 3367 670 3447 ipsi
684 3368 823 3438 Thamar,
845 3366 870 3425 si
890 3381 1002 3422 meroe·

62 3444 124 3506 dem
137 3447 315 3526 promiscam
329 3468 389 3507 nou
403 3447 549 3508 solvisset.

95 3526 146 3586 Ad
154 3527 239 3607 leges
249 3526 360 3600 civiles,
372 3547 437 3607 queo
448 3536 646 3606 opponuntur,
657 3526 837 3604 respondent
848 3521 913 3581 illes
920 3520 1003 3599 leges

60 3613 172 3669 tentum
192 3608 364 3679 decernere,
388 3607 469 3686 quod
486 3617 554 3668 ente
576 3626 651 3685 opus
671 3615 820 3684 patratum
842 3600 917 3662 tales
935 3618 1003 3661 cou-

60 3693 169 3748 tractus
191 3686 306 3750 nullam
326 3687 447 3766 perient
469 3685 701 3771 obligationem:
722 3694 756 3750 et
779 3701 873 3765 opere
890 3690 1015 3763 patrate
