2160 4034
339 173 383 217 ue
403 172 649 218 couraacrmas.
907 158 967 217 385

35 275 140 354 tpacies
153 274 293 355 physica:
313 277 429 347 &hinc
450 277 501 347 alt,
525 277 614 336 vendi
628 274 786 359 aliquando
806 272 907 356 poss'et
921 297 971 338 ra·

35 357 85 416 ide
100 375 161 414 una
173 375 222 414 res
235 356 358 434 physice
373 356 512 415 distincta
525 355 562 414 ab
576 355 635 427 illa,
649 375 736 434 quam
748 356 876 415 intendit
889 376 971 435 emp-

35 453 81 505 or,
96 436 123 493 si
137 434 265 494 eundem
280 435 399 495 omnino
411 455 494 493 usum
509 435 617 493 habeat
630 434 810 514 eosdemque
823 436 968 513 producat

35 513 157 582 affectus,
171 520 196 572 ιι
210 516 248 573 de
262 525 368 582 cataro
374 512 490 592 justum
505 513 634 592 pretium
646 513 829 574 observetur.

64 592 108 652 ll.
125 593 269 652 Similiter
278 603 379 670 potest
388 589 687 673 quandoquolicitum
695 612 759 652 esse
768 593 896 653 vendere
907 613 972 654 rem

35 671 150 730 nixtam
162 693 170 730 ι
185 692 213 729 v.
221 691 252 748 g.
264 671 371 752 aliquis
381 670 471 731 habet
480 691 594 731 merces
605 672 710 750 optimi
720 671 837 743 valoris,
848 673 891 732 ita
899 683 934 732 ut
944 673 971 733 si

35 762 73 809 tas
83 753 162 829 pure
173 751 302 810 vendere
316 750 401 820 velit,
412 761 536 829 cogatur
546 770 596 809 eas
606 750 736 810 vendere
746 751 823 809 infru
838 752 971 811 infimum

35 831 174 906 ¹ruetiamz
188 842 259 888 tanc
272 831 298 888 si
311 831 355 888 eis
368 830 491 888 misceat
504 829 576 888 alias
591 849 702 888 merces
716 829 838 890 minoris
851 832 970 902 valoris,

35 919 75 967 rut
84 909 175 967 aliam
185 904 257 978 rens,
272 908 491 968 donecvirtute
502 910 528 966 a
539 909 668 968 efficacia
677 909 831 968 moraliter
845 911 973 988 aequiva-

36 998 107 1046 cant
121 988 187 1046 aliis
201 985 349 1047 mercibus
373 988 505 1066 ejusdem
520 987 639 1066 speciei,
664 987 745 1047 licite
759 989 789 1046 id
802 989 875 1048 facit
883 987 973 1067 juxta

35 1065 175 1126 baelman
189 1069 331 1145 aliosque,
340 1067 431 1126 modd
445 1066 554 1126 vendat
567 1068 664 1146 pretio
678 1068 835 1126 communi.

62 1146 155 1224 Saepe
164 1157 262 1204 tamen
272 1144 434 1224 periculum
448 1146 518 1205 mali
529 1147 558 1204 in
574 1165 609 1205 eo
624 1145 753 1216 estotim
765 1144 802 1204 ab
816 1167 874 1205 uua
887 1156 972 1225 parte

35 1225 199 1284 ’enditores
213 1226 295 1305 quasi
311 1227 529 1284 constituantur
532 1224 650 1303 judices
664 1226 693 1283 in
707 1226 830 1304 propria
838 1245 933 1296 causa,
947 1231 973 1286 a

35 1303 175 1383 upiditas
184 1305 257 1363 lucri
266 1303 352 1364 facile
361 1323 473 1363 merces
481 1304 972 1383 propriasnimismagnoaestimet3
1003 1301 1007 1314 ’

35 1382 104 1443 tab
118 1383 178 1442 alia
198 1394 283 1462 parte
303 1384 361 1443 ista
377 1383 483 1443 mixtio
508 1392 656 1462 repugnet
679 1383 753 1443 fidei.
771 1384 973 1443 &sinceritati

35 1462 259 1539 regotiatiouis:
281 1463 350 1521 dum
375 1468 525 1541 emptores
548 1462 706 1521 intendunt
729 1481 828 1523 emere
858 1481 971 1523 merces

35 1561 134 1601 ›nr-as:
158 1541 237 1600 unde
254 1542 404 1600 antedicta
417 1542 523 1601 mixtio
545 1561 624 1620 supe
637 1553 683 1601 est
697 1540 808 1614 illicita,
821 1542 892 1601 licet
911 1561 971 1602 non

36 1641 146 1699 emper
159 1622 198 1680 sit
208 1632 312 1679 contra
320 1620 480 1699 justitiam.
823 1666 827 1671 .

67 1699 133 1760 Ill.
153 1699 243 1759 Alter
263 1700 396 1759 defectus
410 1701 454 1759 rei
476 1700 588 1759 venalis
612 1712 658 1760 est
680 1700 757 1760 circa
778 1701 976 1782 quantitatem

35 1788 81 1839 ιιιι
91 1779 282 1858 qualitatem:
303 1798 352 1839 res
366 1779 474 1838 dicitur
488 1779 660 1839 defectuosa
679 1779 757 1839 circa
770 1780 975 1859 quantitatem,

35 1858 147 1939 quando
162 1858 261 1916 deficit
271 1858 300 1915 in
315 1858 457 1937 pondere,
472 1878 611 1917 mensura
624 1859 672 1917 vel
683 1879 816 1918 numero.

68 1939 134 1997 Res
148 1938 319 1996 defectuosa
333 1937 410 1995 circa
421 1937 594 2014 qualitatem
604 1948 704 2016 potest
715 1957 779 1996 esse
790 1938 866 2008 talis,
881 1947 915 1997 ιιι
925 1936 975 1998 de·

35 2016 126 2076 fectus
138 2015 187 2074 ille
198 2014 345 2074 redundet
355 2016 385 2073 in
401 2014 604 2086 substantiam,
615 2017 664 2073 vel
672 2016 702 2074 in
713 2017 905 2076 substantiam
915 2035 975 2078 non

35 2095 185 2165 redundet,
200 2095 238 2154 de
252 2093 358 2175 quibus
371 2094 439 2153 vide
450 2093 542 2153 Num.
556 2096 586 2152 7.
617 2093 675 2153 His
686 2097 853 2173 premissis,

67 2175 127 2235 IV.
148 2175 186 2234 R.
209 2176 255 2231 10.
278 2174 337 2246 Qui
352 2174 480 2233 scienter
503 2172 606 2233 vendit
620 2193 681 2233 ram
697 2175 898 2234 defectuosum
912 2175 975 2235 sive

35 2259 57 2312 in
72 2251 248 2324 substantia,
257 2254 320 2312 sive
335 2253 363 2310 in
379 2253 544 2331 quantitate
558 2262 610 2310 ant
620 2252 763 2331 qualitate
776 2266 916 2334 tanquam
928 2254 974 2311 in-

35 2345 155 2410 tegram,
176 2332 233 2391 hoc
247 2345 302 2403 est,
317 2333 421 2391 eodem
436 2331 533 2410 pretio
547 2351 581 2389 ac
594 2331 619 2389 si
632 2332 712 2391 foret
725 2333 851 2410 integra,
872 2342 977 2411 peccat

35 2424 132 2471 contra
137 2412 285 2490 justitiam
297 2413 323 2469 ιι
334 2410 371 2469 ad
382 2412 601 2470 restitutionem
612 2420 747 2480 tenetnr;
760 2413 830 2489 quia
840 2412 974 2470 commit·

35 2492 64 2549 :it
77 2491 213 2550 fraudem
229 2493 259 2548 in
275 2490 411 2549 damnum
426 2489 566 2569 proximi,
586 2509 641 2548 nec
661 2499 760 2548 servat
773 2490 973 2569 equalitatem

35 2571 120 2648 pretii
135 2570 172 2629 ad
186 2589 259 2628 rem.
910 2569 913 2573 ’
934 2569 942 2582 “

67 2652 118 2708 2⁹.
141 2650 200 2722 Qui
215 2669 253 2708 ex
267 2649 436 2728 ignorantia
449 2646 619 2726 inculpabili
632 2648 735 2707 vendit
747 2668 812 2707 rem
822 2647 973 2706 defectuo-

35 2747 91 2787 sum
107 2748 163 2807 pro
177 2729 302 2805 integra,
331 2749 389 2786 non
404 2739 514 2807 peccat
522 2728 651 2806 quidem,
679 2726 731 2786 sed
745 2727 795 2786 ubi
809 2726 972 2798 resciverit,

35 2817 150 2866 tenetur
165 2807 304 2866 damnum
318 2826 509 2886 compensare
524 2807 661 2885 emptori,
675 2807 731 2865 nisi
743 2807 821 2864 bona
834 2806 892 2866 fida
901 2824 975 2866 van·

35 2886 128 2946 lando
143 2886 338 2946 declaraverit
355 2887 493 2964 emptori,
508 2905 540 2944 se
553 2885 632 2944 nolle
646 2885 796 2964 suscipere
808 2884 973 2964 periculum

35 2965 105 3036 ritii,
128 2966 153 3023 si
178 2965 257 3044 quod
280 2966 359 3024 forte
383 2965 484 3038 lateat,
511 2975 582 3023 tnnc
603 2965 680 3023 enim
704 2975 822 3044 emptor
835 2975 973 3024 censetur

35 3064 128 3105 tmere
142 3065 195 3103 suo
210 3044 351 3122 periculo.

68 3125 108 3187 V·
119 3124 208 3196 Quod
218 3125 248 3183 in
257 3136 383 3203 utraque
393 3122 638 3182 hacconclusione
647 3122 684 3184 de
692 3123 849 3183 venditore
860 3123 972 3182 dictum

35 3212 83 3274 est,
93 3203 221 3281 intelligi
231 3204 320 3262 etiam
332 3203 421 3262 debet
430 3204 468 3263 de
482 3213 625 3281 emptore,
634 3207 685 3283 qui
696 3213 809 3263 emeret
819 3222 882 3261 rem
896 3203 971 3260 inte-¹

35 3302 111 3358 gram
123 3294 176 3342 act
189 3283 348 3360 pretiosam
363 3302 417 3361 pro
431 3283 483 3340 vili
494 3302 547 3341 seu
557 3282 737 3354 defectuosa,
751 3303 779 3341 v.
788 3301 818 3359 g.
825 3298 973 3359 gemmam

35 3381 83 3439 aro
96 3362 194 3430 vitro;
217 3362 345 3420 militant
359 3364 437 3420 enim
452 3361 562 3421 eaedem
576 3362 716 3422 rationes.

67 3440 126 3505 vl.
149 3441 298 3500 Observat
311 3453 410 3501 tamen
425 3441 581 3512 Daelmau,
602 3441 672 3500 dnm
695 3461 743 3499 rcs
758 3440 888 3518 pretiosa
900 3456 928 3495 v.
941 3456 974 3515 g.
1014 3506 1021 3527 1

35 3519 102 3579 iber
137 3520 273 3591 retiosus,
301 3521 412 3579 venalis
426 3520 586 3598 exponitur
605 3519 683 3598 apud
698 3516 981 3580 Veterameutariou·

35 3618 80 3657 ten
92 3539 169 3670 illos,
194 3599 305 3678 quires
319 3602 486 3678 antiquatas
510 3599 606 3658 solent
626 3599 786 3658 divendere
800 3620 807 3664 ;
828 3606 900 3654 tunc
911 3612 978 3663 nora

35 3677 123 3740 rideri
146 3698 263 3758 semper
283 3677 436 3757 injustum,
460 3678 486 3739 si
499 3688 615 3739 ematur
634 3678 712 3738 infra
724 3677 864 3757 pretium,
890 3668 981 3763 quoq
