2160 4034
82 136 145 201 lea
476 150 666 197 moranus

120 256 214 325 vm.
226 256 276 319 8⁰.
291 257 324 320 si
336 257 479 319 omittant
490 260 642 340 corripere
653 279 693 320 ex
704 259 815 320 timore
827 250 1025 339 munemne
1039 250 1062 329 ’ν

82 340 275 403 eiamieitiam
286 338 480 420 favoremque
499 340 684 400 detrahentie
695 338 1027 419 plnetimeantperdem
1052 368 1057 389 n

82 420 172 503 qnam
186 421 286 481 Deum
299 419 462 490 offendere,
482 419 741 498 praetermittendo
755 420 988 499 correptionem,
999 418 1060 493 na

82 520 171 585 mam
184 499 363 559 hicitanae
376 499 510 576 graviter
519 499 700 579 obligantur.
1041 494 1080 579 l*-

122 578 173 640 Aa
187 578 311 638 audient
324 579 540 638 detractionem
554 598 672 658 semper
685 580 811 659 peccat?
1047 605 1056 642 ς.

15 688 20 695 ·
124 660 164 720 R„
178 658 338 739 Negetivd,
350 659 374 716 ni
388 658 492 717 audiat
501 658 565 717 eine
574 658 790 737 complacentia
803 665 834 716 et
844 655 982 717 exterine
993 674 1031 717 re·
1049 690 1057 710 «,

85 740 181 810 neae
204 748 296 816 prout
317 748 419 817 potest
442 737 587 810 &debet
609 739 657 797 vel
679 737 778 816 justae
798 756 860 797 non
880 736 1051 805 resistendii

83 836 186 880 ceum
199 817 316 878 habeat.
1046 848 1080 874 ..ἶ

124 897 222 958 Porrd
238 896 328 955 varia
341 906 466 975 possunt
479 916 544 956 eeee
558 916 652 956 causae
666 905 842 956 excusantes
862 895 899 953 ab
914 894 1034 974 impedi·
1055 904 1073 929 '-

84 977 161 1041 enda
174 976 370 1044 detractione,
383 975 486 1057 qnalee
501 985 570 1035 eunt
584 996 686 1035 omnes
700 975 768 1045 illae,
783 993 850 1055 que
863 976 1033 1035 excusanti
1048 988 1053 1043 ζ

84 1055 273 1135 temeptione
284 1056 424 1125 fraterna,
431 1074 504 1136 quae
512 1055 754 1115 rideNnm.147.
768 1064 787 1093 ‘⁴
796 1052 1033 1114 deVirtutilrned
1062 1111 1068 1114 .

89 1136 203 1215 &opine
226 1135 317 1194 etiam
339 1146 499 1193 monentur
522 1136 721 1213 scrupulosae,
744 1135 797 1216 'qui
821 1135 861 1193 ob
885 1132 1034 1212 scrupuloe
1053 1148 1079 1202 ὲ

83 1212 204 1294 i'neptue
214 1212 308 1274 estad
317 1213 521 1292 judicandum,
532 1234 569 1274 an
579 1224 685 1292 urgeat
695 1223 879 1292 preceptum
890 1212 1035 1291 coreptio·
1053 1234 1072 1283 ·;

83 1295 140 1367 nie,
154 1314 192 1354 an
202 1314 272 1364 nou,
285 1303 320 1357 ut
330 1293 461 1352 dix-imm
471 1295 562 1353 Num.
574 1296 632 1353 192
651 1305 669 1334 “
678 1295 717 1354 de
727 1293 855 1353 Actibus
864 1291 1039 1353 Hnmmia”
1065 1306 1068 1311 '

125 1372 297 1435 observant
319 1372 410 1433 etlam
436 1373 600 1446 Aetherea,
619 1394 679 1433 non
701 1392 819 1451 semper
831 1372 987 1450 expedire,
1006 1380 1040 1433 nt

85 1455 201 1514 incerta
212 1453 359 1513 detractio
373 1454 473 1512 statim
494 1453 703 1533 abrumpatur3
724 1453 794 1532 quia
807 1452 900 1534 aliqui
914 1451 957 1510 eie
970 1451 1040 1509 inti·

82 1534 174 1673 piunt
194 1548 327 1603 nutare,
350 1533 435 1611 quasi
449 1533 597 1594 mirabilia
609 1533 727 1603 dicturi,
749 1552 815 1591 cnm
828 1541 931 1591 autom
945 1540 1041 1591 totum

75 1620 78 1625 '
108 1612 228 1683 ixerint,
243 1631 302 1672 non
316 1613 374 1671 nini
388 1615 564 1683 communia,
584 1614 664 1673 levia
676 1623 729 1673 aut
738 1611 821 1670 nulle
832 1620 1000 1689 apparente
1018 1609 1044 1673 ei

86 1693 122 1753 ht
131 1692 169 1753 ab
183 1693 270 1752 initio
283 1692 421 1772 impediti
434 1692 570 1765 fuissent,
593 1693 681 1752 facile
694 1691 887 1770 reliquissent
908 1688 1044 1769 pejerent

87 1767 258 1852 opinionem
282 1773 313 1831 in
336 1772 443 1831 enimin
464 1773 658 1844 audientium,
678 1791 768 1851 qnam
792 1771 818 1829 ei
837 1770 1042 1829 narrationem

88 1852 312 1931 compleverint
341 1851 432 1913 -Vide
445 1851 535 1912 latinis
549 1854 667 1912 ochema
690 1857 719 1912 6.
743 1849 895 1931 quomodo
917 1847 1042 1909 nonan

88 1932 183 1993 eariue
196 1931 359 2010 procedere
373 1929 482 1990 debeat
501 1952 568 1991 cnm
588 1931 658 2006 illie,
679 1931 731 2013 qui
745 1950 777 1991 ee
791 1936 941 2002 moneam,
963 1926 1043 2008 quod
1078 1995 1080 2001 ¹

88 2010 259 2071 audiverint
272 2011 496 2071 detractionem.
1073 2020 1078 2035 ³

85 2224 126 2309 'ra
148 2251 238 2308 roo..
267 2248 328 2308 nn
361 2247 809 2389 M⁰D¹Tslgll¹ffi⁰ffll⁴⁰¹
845 2244 1039 2308 nunnae·
1069 2228 1070 2232 '

298 2485 324 2546 Ι.
343 2486 428 2547 Moci
446 2488 616 2567 impediendi
628 2489 836 2547 detractionem.

125 2646 291 2722 QUIBUS
313 2645 408 2707 nodie
422 2645 546 2707 audiens
559 2646 704 2726 impediet
717 2645 960 2705 detractionem?
1035 2630 1039 2641 ⁴

129 2727 155 2787 1.
176 2726 216 2786 R„
244 2725 328 2787 Varii
350 2745 406 2805 pro
427 2727 519 2786 variis
539 2726 769 2786 circumstantiis
792 2724 830 2784 ab
855 2720 1041 2783 Anthoribut

61 2849 65 2867 .
89 2804 266 2867 afferuntur.

130 2887 177 3024 lli.
192 2886 253 2945 Per
261 2884 473 2945 authoritatem
484 2885 708 2965 compescendo,
719 2884 745 2944 ei
755 2882 938 2944 authoritate
946 2880 1042 2942 valeat

91 2985 129 3026 an
152 2984 224 3024 1ene.

129 3046 178 3103 2⁰.
200 3038 346 3102 Fraterno
360 3044 558 3124 corripiendo,
570 3045 650 3124 qnod
664 3044 830 3123 praesertim
843 3041 941 3100 locum
956 3039 1045 3100 habet

91 3122 401 3262 Ὓέἱὲἓῗιὶξιζοηάο
414 3203 562 3274 falsitatis,
577 3202 601 3261 ei
611 3203 715 3280 possit,
726 3201 775 3260 vel
783 3200 870 3261 aliter
881 3198 1045 3269 efficiendo,

92 3291 128 3343 nt
138 3282 215 3343 fidee
227 3301 287 3340 non
301 3281 446 3341 habeatnr
460 3283 547 3342 dictio
561 3281 755 3342 detrahentis.

136 3362 201 3426 Pro
216 3361 273 3420 hoc
286 3361 376 3420 modo
386 3363 551 3422 notandum
564 3363 643 3444 qnod
658 3362 682 3419 ei
697 3359 874 3420 adhibeatur
887 3356 967 3437 apud
981 3376 1050 3435 gar·

92 3440 186 3514 mles,
206 3441 307 3514 rudes,
327 3441 376 3500 vel
400 3461 460 3501 enae
484 3442 595 3502 salutie‘
609 3441 749 3511 incurios,
774 3449 912 3518 oporteat
934 3437 1047 3496 habere

90 3521 250 3603 qnamdam
262 3520 471 3582 certitudinem
482 3520 676 3581 convincendi
685 3520 899 3588 detractorem
911 3515 1047 3596 alioquin

92 3601 174 3662 enim
195 3600 283 3661 facile
307 3600 459 3661 detractor
479 3602 638 3661 inducetur
655 3600 693 3658 ad
715 3599 931 3659 detractionem
950 3594 1049 3674 megin

92 3678 296 3759 probandam
316 3680 387 3740 hinc
397 3680 578 3759 regulariter
591 3676 787 3759 improbanda
808 3688 854 3738 eet
871 3679 934 3737 lroec
946 3693 1048 3734 coram

90 3759 236 3821 similibus
256 3761 400 3842 loquendi
422 3760 599 3822 methodum
618 3760 766 3821 tortinon
781 3768 828 3819 eet
840 3759 892 3829 ita,
914 3767 949 3816 ut
962 3753 1047 3827 dicio,
