2160 4034
370 184 414 226 on
434 181 681 226 conrnacrmos.
946 169 1005 229 3⁸27

49 287 141 358 ante3
161 288 216 348 sed
229 308 287 348 oon
308 298 408 366 potest
432 288 500 347 ideo
524 307 572 347 res
594 287 687 366 pluris
708 288 795 348 vendi
815 299 866 348 ant
879 289 1004 350 minoris

49 369 122 438 erni,
147 371 237 449 quum
260 388 338 426 nunc
357 369 395 427 de
408 368 487 426 facto
503 367 600 426 valeat
617 368 706 443 juxta
730 369 857 445 pretium
880 371 1004 448 vulgare

49 461 223 517 commuue,
243 448 323 529 quod
345 449 467 506 attentis
486 445 544 504 illis
565 447 659 505 causis
677 449 856 506 aoommuni
877 451 1003 509 aestima-

52 524 141 586 tione
156 537 289 586 taxatum
305 537 360 585 est.

96 606 228 678 Quinam
239 618 308 664 sunt
317 605 396 664 tituli
406 605 557 683 speciales,
567 603 604 662 ob
613 625 686 697 quos
694 605 765 664 licet
773 606 866 682 pluris
874 608 1004 669 vendero

50 683 103 742 val
113 685 238 744 minoris
249 705 357 755 emere,
368 687 456 765 quim
468 704 515 743 res
524 683 653 764 alioqum
666 684 743 743 valet
753 687 850 763 pretio
862 687 998 765 pulgari?

94 764 134 824 R.
158 765 235 823 Sunt
249 764 396 842 praecipue
411 774 552 843 quatuor:

97 842 161 902 111.
176 843 349 902 Primusest
358 843 471 901 lucrum
481 861 606 910 cessans,
613 841 667 900 ub
677 862 736 921 quo
744 843 1005 921 comprehenditur

57 919 150 979 etiam
176 941 245 999 spes
272 923 401 999 cujusvis
429 922 565 980 utilitatis
592 931 644 980 aut
671 923 819 981 commodi
846 927 1006 984 extrinseci

58 1001 155 1076 pretio
179 1001 370 1070 aestimabilis,
395 1004 439 1059 uti
462 1001 486 1057 ri
507 1017 629 1069 merces,
653 1020 725 1077 quas
746 1004 775 1059 in
795 1002 875 1061 aliud
889 1015 1007 1082 tempus

60 1098 180 1138 servare
194 1081 393 1150 decreveram,
417 1099 477 1160 quo
491 1079 584 1157 pluris
598 1079 731 1139 valiturae
745 1093 822 1151 sunt,
847 1103 925 1142 nuuc
937 1104 1008 1143 ven·

62 1157 125 1216 dam
141 1159 172 1215 in
188 1164 232 1217 tul
246 1161 382 1237 gratiam.

98 1238 157 1299 IV.
178 1238 238 1298 Sed
252 1249 372 1316 oportet
386 1248 499 1306 notare,
519 1237 633 1296 luorum
648 1257 774 1308 cessans,
796 1239 833 1298 ob
869 1242 927 1301 uod
941 1263 1008 1321 pre·

61 1316 134 1376 tium
149 1319 194 1376 rei
208 1318 372 1386 exceditur,
397 1317 537 1376 testimari
561 1318 654 1375 solim
679 1317 788 1376 debere
809 1262 943 1379 dedoctis
958 1333 1010 1381 exi

57 1398 160 1473 pensis
174 1398 204 1454 in
219 1398 264 1456 rei
284 1398 510 1455 conservatione
531 1396 683 1465 faciendis,
708 1398 780 1455 item
801 1410 917 1459 attento
931 1404 1009 1480 peri·

57 1475 137 1542 tulo,
151 1476 200 1535 cui
214 1497 262 1535 res
276 1475 404 1552 longiori
419 1485 553 1552 tempore
567 1475 712 1534 servanda
725 1477 889 1556 subjicitur,
904 1486 955 1538 &a

96 1555 141 1615 V.
162 1555 253 1614 Alter
266 1555 370 1614 titulos
385 1564 432 1613 est
444 1555 583 1612 damnum
598 1574 762 1632 emergens,
781 1557 835 1615 sub
850 1577 909 1635 quo
922 1559 1009 1619 intel·

52 1631 166 1712 ligitur
199 1635 305 1693 uodvis
320 1653 393 1692 onus
407 1644 438 1691 et
452 1633 680 1704 incommodum,
691 1654 725 1692 ac
738 1636 865 1711 privatio
880 1638 1010 1716 cujusvis

51 1657 208 1773 commodi
221 1715 316 1791 pretio
330 1711 523 1781 aestimabilia,
529 1723 561 1771 et
570 1713 738 1772 extrinseca
751 1715 914 1774 contractui
929 1737 1012 1796 emp·

52 1792 361 1861 tionis-venditionis3
382 1803 415 1850 ut
429 1792 454 1848 si
468 1811 545 1849 nunc
559 1792 669 1850 vendas
683 1793 712 1850 in
727 1794 853 1870 gratiam
867 1799 1010 1874 emptoris

53 1890 188 1943 marces,
201 1893 274 1952 quas
288 1883 393 1950 postea
405 1871 520 1948 cogeris
529 1890 628 1930 emere
639 1871 751 1930 carids:
772 1873 814 1931 sio
827 1875 915 1933 etiam
930 1895 1012 1954 emp·

58 1961 113 2010 tor
127 1971 227 2012 emere
248 1962 349 2030 potest
370 1950 449 2008 infra
471 1950 599 2027 pretium
623 1951 765 2022 infimum,
787 1953 811 2011 si
825 1973 853 2010 v.
867 1974 897 2031 g.
911 1974 1012 2013 emens

59 2050 128 2170 reem
134 2031 305 2091 Mechlinia
316 2040 440 2109 cogatur
450 2031 480 2088 in
494 2031 619 2108 gratiam
629 2030 792 2090 venditoris
802 2051 934 2113 quarere
946 2053 1011 2094 eam

92 2111 211 2170 andavi.
719 2159 723 2164 .
1002 2141 1006 2153 ·

100 2190 161 2251 Vl.
176 2190 297 2251 Tertius
306 2202 351 2251 est
365 2190 527 2270 periculum
540 2191 637 2268 pretio
650 2191 832 2262 aestimabile,
848 2194 927 2271 quod
939 2213 1009 2253 ven·

62 2268 145 2328 ditor
159 2270 207 2328 vel
220 2282 338 2349 emptor
351 2272 381 2329 in
396 2272 521 2348 gratiam
537 2269 658 2328 alterius
672 2269 794 2329 subiret.

102 2349 251 2410 Caeterum
268 2351 297 2407 hi
311 2361 374 2408 tres
388 2349 468 2408 tituli
489 2348 674 2425 intelligendi
695 2360 764 2407 sont
781 2349 835 2408 rub
850 2350 896 2410 his
910 2352 1010 2410 condi-

63 2427 211 2488 tionibus:
235 2432 280 2487 10.
297 2429 340 2488 Ut
353 2431 423 2487 vere
437 2427 613 2506 proveniant
633 2447 671 2485 ex
695 2429 831 2505 prasenti
847 2433 1010 2507 emptione·

62 2506 251 2568 venditioner
272 2518 303 2566 et
316 2508 385 2566 hinc
398 2528 425 2566 v.
436 2527 466 2585 g.
479 2507 617 2565 venditor
630 2526 821 2584 compensare
835 2527 892 2565 non
909 2519 1008 2586 potest

64 2604 218 2664 expensas,
233 2606 304 2666 quas
317 2587 520 2665 imprudenter
529 2586 600 2643 fecit
614 2586 643 2643 in
655 2586 1009 2666 acquirendis-mercibus.

64 2667 109 2723 2⁰.
127 2666 171 2726 Ut
191 2687 248 2726 non
263 2666 409 2724 vendatur
429 2665 531 2744 pluris,
556 2684 610 2724 neo
633 2679 749 2723 ematur
767 2666 898 2735 minoris,
919 2668 1009 2746 quam

64 2745 161 2806 valeat
174 2746 385 2805 aetimabilitas
399 2744 474 2803 lucri
487 2745 637 2813 cessantis,
652 2744 751 2802 damni
766 2747 945 2822 emergentis
959 2757 1010 2804 aut

64 2825 197 2902 periculi.
238 2828 286 2883 8⁰.
301 2825 344 2883 Ut
358 2823 617 2902 emptio-venditio
630 2823 683 2880 fiat
697 2823 734 2881 ad
743 2824 917 2882 instantiam
939 2825 1010 2883 alte·

63 2903 141 2963 rius:
161 2914 194 2963 et
206 2905 275 2962 hinc
287 2923 347 2961 uon
361 2913 460 2981 potest
480 2902 573 2979 pluris
587 2902 725 2972 vendere,
748 2904 800 2980 qui
819 2923 877 2961 non
900 2906 929 2961 in
944 2924 1011 2982 gra·

64 2982 135 3041 tiam
149 2984 302 3061 emptoris,
323 2982 375 3041 sed
389 2982 428 3040 ad
440 2981 672 3040 subveniendum
687 2982 815 3059 propriis
829 2985 1011 3042 necessitati-

63 3061 116 3121 bus
140 3064 253 3133 vendit,
277 3063 411 3141 quamvis
429 3081 468 3120 ex
486 3061 540 3118 hae
555 3059 725 3118 venditione
745 3060 875 3138 patiatur
896 3062 1010 3120 luorum

63 3161 181 3202 cessans
194 3152 246 3200 aut
260 3142 399 3200 damnum
413 3159 578 3217 emergens.
734 3208 736 3213 Ι
1004 3160 1007 3164 ·

103 3222 178 3283 Vll.
199 3222 332 3294 Quartus
355 3218 459 3278 titulus
483 3214 530 3277 est
552 3218 582 3276 in
607 3218 792 3278 auctionibus
815 3218 950 3299 publicis,
975 3221 1011 3279 de

62 3301 171 3382 quibus
185 3301 263 3358 infra
275 3298 452 3377 specialiter.

101 3383 155 3440 An
177 3390 222 3439 est
243 3378 347 3437 titulus
367 3377 467 3456 justos
486 3376 581 3455 pluris
601 3377 750 3436 vendendi
765 3397 843 3448 rem,
865 3378 934 3456 quia
956 3377 1012 3456 ipsi

61 3461 194 3537 emptori
208 3469 254 3516 est
269 3457 354 3515 valde
369 3470 465 3535 grata,
479 3457 561 3514 utilis
575 3467 626 3514 aut
640 3458 816 3516 necessaria.
983 3456 986 3461 '

102 3538 197 3600 Vlll.
219 3537 259 3596 R.
272 3538 441 3614 Negativet
462 3537 531 3617 quia
545 3535 596 3593 illa
609 3536 767 3614 singularis
778 3535 899 3604 utilitas,
913 3554 1015 3595 neces·-
1041 3576 1043 3581 -

61 3619 147 3688 sitas,
168 3619 221 3676 &a
242 3617 394 3695 pertinent
414 3615 452 3673 ad
472 3624 647 3692 emptorem,
676 3635 734 3675 noo
755 3614 792 3672 ad
813 3614 1001 3673 venditorem

62 3698 201 3776 adeoque
214 3705 335 3774 emptor
348 3714 490 3772 ea'emere
502 3713 561 3833 rupo
572 3679 671 3755 delei.
704 3694 777 3757 Alia
785 3695 862 3753 ratio
871 3705 927 3767 est,
935 3694 1003 3774 qu&

145 3792 219 3835 von.
240 3792 275 3834 11.
565 3790 585 3832 u
