2160 4034
279 197 323 239 ns
342 196 592 240 conrnscrmos.
852 185 911 245 888

43 297 153 360 unibus
167 300 283 361 solvere
295 314 462 374 teneantur,
483 305 510 363 ir
524 303 671 364 ordinarii
687 304 719 362 in
733 311 821 365 causti
840 307 909 377 sint,

55 380 136 438 veris
155 380 352 441 creditoribus
374 403 434 441 non
456 383 605 442 solvatur:
625 385 652 442 8ι
672 384 698 444 si
718 383 774 442 sibi
795 386 910 462 possint

43 476 123 550 arare
147 459 334 532 solutionem,
356 474 482 541 possunt
504 464 595 522 etiam
617 462 693 536 aliis,
714 464 752 522 ad
771 465 851 543 quod
871 485 910 526 cx

43 547 79 594 na
92 547 241 597 tenentur.

126 757 166 816 N.
186 760 234 816 32.
275 758 336 818 DE
360 758 747 820 SUBHASTATIONE.

43 887 67 936 st
75 878 155 956 quod
161 877 281 958 opiferum¹
292 878 312 934 d
324 879 558 938 concurrentibus.
601 878 644 938 ll.
663 879 909 960 Sepositdsmde

43 980 59 1050 ι
73 958 391 1112 ιιι-Μ
400 956 904 1097 ratimarum

43 1160 78 1219 'JI
83 1158 111 1217 Ι)
126 1168 171 1216 est
185 1157 377 1227 subhastatio,
392 1179 444 1217 ssu
460 1158 591 1216 venditio
605 1156 659 1216 sub
673 1158 780 1218 basta?

64 1239 122 1297 Est
134 1236 268 1296 venditio
282 1236 408 1312 publica,
428 1238 566 1317 adquam
581 1238 745 1296 invitantur
758 1249 908 1317 emptores

49 1317 192 1395 praeconis
208 1315 256 1373 vel
274 1316 412 1374 affixione
430 1316 576 1376 schedulae
598 1326 650 1375 aut
667 1316 793 1394 catalogi
807 1321 907 1380 rerum

43 1397 119 1455 lium.
159 1395 293 1455 Vocatur
306 1396 395 1453 etiam
410 1397 507 1454 auctio
522 1394 654 1472 publica3
675 1396 744 1474 quia
759 1398 908 1473 posterior

43 1487 91 1552 get
105 1475 233 1610 propium
246 1473 363 1552 prioris,
377 1473 562 1535 ascendendo
571 1475 720 1546 nimirum,
733 1483 768 1533 ut
778 1495 908 1536 commu·

48 1555 113 1613 fieri
128 1574 160 1612 so
174 1563 213 1612 et.

43 1634 159 1693 roduam
174 1642 220 1690 est
229 1631 343 1709 justum
354 1633 483 1708 pretium
497 1633 526 1690 in
541 1632 785 1693 subhastationei

50 1715 88 1772 R,
111 1711 198 1781 Illud,
227 1711 307 1788 quod
328 1711 491 1772 offerturi
514 1711 756 1771 concurrentibus
776 1714 907 1790 sepositi

43 1792 67 1850 le
78 1798 103 1851 dr
114 1791 200 1850 dolor
222 1791 299 1848 unde
312 1791 382 1850 licet
395 1810 444 1858 res
457 1790 550 1867 pluris
560 1790 706 1850 vendatur
719 1801 770 1851 aut
783 1794 906 1853 minoris

43 1893 86 1941 ur,
114 1871 200 1951 quim
224 1869 304 1927 valet
328 1880 415 1928 extra
440 1870 701 1940 subhastationem,
730 1872 787 1929 etsi
814 1872 905 1931 etiam

43 1971 68 2009 ιιι
79 1952 158 2009 foret
172 1947 222 2006 illa
232 1949 426 2029 inequalitas,
440 1950 535 2008 adhuc
544 1951 627 2027 justa
637 1951 695 2007 erit
709 1950 905 2028 emptio-sen·

44 2055 52 2099 ;
72 2031 141 2110 quia
155 2031 184 2086 in
200 2028 288 2085 simili
303 2038 456 2087 contractu
471 2028 608 2088 venditor
621 2040 653 2087 et
666 2039 783 2107 emptor
801 2031 905 2090 utrim-

43 2129 74 2168 sa
100 2109 194 2168 libert
219 2106 379 2185 subjiciunt
403 2107 509 2189 [equali
529 2108 663 2187 periculo
685 2108 832 2187 perdendi
851 2119 904 2169 aut

42 2189 103 2246 ndi.

43 2287 141 2326 ianam
156 2265 275 2325 fraudes
295 2265 406 2325 loedunt
423 2264 573 2345 justitiam
594 2265 683 2344 pretii
704 2265 734 2324 in
750 2266 903 2326 subhasta-

57 2427 98 2486 R·
117 2426 167 2485 Ex
181 2434 265 2502 parte
276 2423 439 2483 venditoris
454 2424 598 2502 injustitia
608 2422 823 2483 committitur:

43 2552 44 2556 ,
67 2506 98 2565 Si
110 2524 196 2562 unam
209 2523 271 2562 rem
284 2513 415 2582 exponat
428 2521 482 2581 pro
496 2503 563 2575 alia,
577 2502 625 2562 vel
636 2502 835 2562 defectuosum
846 2522 901 2582 pro

43 2605 84 2643 ra.

43 2707 45 2720 .
68 2664 100 2723 Si
113 2662 255 2722 subornet
272 2662 357 2721 fictos
372 2672 530 2741 emptores,
551 2661 603 2740 qui
623 2661 752 2739 pretium
765 2673 903 2738 augeant,

43 2763 83 2801 ise
97 2754 205 2820 augeat
219 2744 248 2799 in
263 2762 325 2802 rem
340 2762 440 2810 suam;
461 2742 530 2821 qnia
543 2751 614 2800 tunc
627 2740 682 2799 soli
696 2751 845 2817 emptores
858 2740 903 2799 in·

45 2834 79 2881 ut
92 2821 254 2901 periculum
268 2822 367 2879 damni
381 2819 478 2880 carinis
492 2821 626 2889 emendo,
641 2829 672 2878 et
685 2819 719 2877 fit
733 2819 820 2878 simul
833 2838 903 2881 ven·

52 2912 83 2959 et
92 2912 218 2978 emptor,
233 2901 312 2978 quod
327 2900 443 2959 admitti
457 2920 516 2958 non
531 2909 639 2976 potest.

43 2982 55 3038 ἶ.
76 2982 124 3039 Ex
139 2992 223 3057 parte
237 2992 405 3057 emptorum
416 2979 562 3055 injustitia
571 2977 784 3038 committitur:

66 3060 97 3118 Si
116 3059 215 3136 plures
229 3060 399 3138 conspirent
413 3061 439 3116 a
453 3058 653 3117 determinant
665 3058 804 3136 pretium,
825 3057 903 3118 ultra

50 3159 109 3196 non
123 3139 294 3196 ascendunt.

66 3219 98 3277 Si
119 3229 287 3294 procurent,
308 3227 342 3275 ut
364 3216 488 3276 licitatio
509 3216 596 3276 citiirs
616 3216 750 3288 liniatur,
765 3227 796 3276 et
815 3216 905 3275 datur

43 3297 138 3355 ficiat’'
152 3310 220 3356 ante
235 3307 361 3374 tempus.

43 3422 44 3430 ,
68 3377 153 3444 sivi,
175 3376 243 3448 dolo
258 3377 304 3434 vel
325 3375 429 3434 fraude
451 3375 525 3435 alios
545 3384 694 3451 emptores
710 3382 846 3431 avertant
865 3373 904 3431 ab

43 3474 93 3513 sne
108 3456 155 3513 vel
169 3454 206 3513 ab
227 3454 370 3522 emend0;
390 3455 414 3513 si
439 3466 538 3514 autem
562 3453 625 3512 solo
648 3464 754 3530 rogatu
768 3461 820 3510 aut
834 3452 904 3510 sim·

43 3536 176 3593 suasione
190 3544 326 3592 avertant
336 3534 419 3604 alios,
433 3532 506 3593 dicit
518 3533 615 3594 Collet
628 3533 745 3609 aliique,
759 3530 834 3589 tales
843 3549 904 3591 non

43 3613 196 3752 refisaltem
208 3624 311 3674 contra
319 3612 478 3692 justitiam,
491 3612 582 3675 modo
594 3621 693 3674 emant
703 3610 800 3688 pretio
809 3609 904 3690 justo,

43 3713 69 3752 ιιι
92 3713 150 3754 ιιιο.
