2160 4034
88 134 148 213 284
471 168 659 213 uarcrnrus

91 268 318 350 :introspiciens
328 269 357 329 in
368 269 535 350 exemplum
543 270 669 331 Christi:
684 248 852 332 deinde'ubi
860 246 981 353 tempus
990 269 1042 331 mo'-

89 370 154 410 ram
164 350 286 428 patitur,
293 349 403 428 imponi
413 349 440 408 ei
450 349 539 410 debet
550 361 583 408 ut
593 361 716 428 praestet
726 352 896 412 cautionem
904 350 1040 411 ueletiam

88 431 302 510 juramentum,
336 449 384 500 uo,
399 431 423 487 si
438 430 632 499 convalescat,
647 431 720 491 velit
733 442 812 491 stare
826 430 976 491 mandatis
989 430 1039 490 llu-
1069 500 1072 507 Ι

91 507 198 578 clesiae,
213 519 244 646 qt
256 451 392 646 qbsrllute
403 508 654 568 resarcireumuia
664 509 861 571 damuaillata
869 510 950 591 parti
959 509 1037 589 lasa,
1061 515 1074 571 ι’

90 589 117 646 si
153 609 195 648 ua:
239 598 333 647 eeat.
1060 582 1064 605 ¹

131 609 306 728 ileneratim
331 676 430 726 autem
455 667 661 727 Confessarins
676 669 871 748 ipoeniteute
885 666 1038 730 confitente
1052 612 1074 763 ξ

94 747 235 817 duellum,
263 746 414 825 inquirere
435 745 533 815 debet,
561 750 606 807 1⁰.
627 747 677 805 An
691 748 783 807 fuerit
796 756 986 828 provocatus,
1004 766 1074 841 ruffi

90 845 267 907 provocans.
287 828 335 884 20.
351 827 427 901 Qnae
441 826 480 884 sit
503 826 660 903 utriusque
673 846 807 905 persone
824 826 965 907 qualitas.
1002 828 1074 923 iiq-

90 906 143 965 An
158 914 189 964 et
203 916 314 983 quanto
337 917 473 984 tempore
488 905 588 965 odium
601 906 722 967 foverit.
761 908 810 966 4⁰.
832 906 883 964 Au
899 905 993 965 alium
1011 906 1074 999 irp-

93 985 193 1044 ‹lucllo
209 984 359 1054 occiderit,
380 987 432 1044 &a
818 1004 822 1011 ’
1050 1017 1064 1079 q

86 1074 89 1081 '
132 1064 306 1123 Notandum
320 1063 433 1122 absolvi
447 1084 505 1123 non
520 1083 608 1142 posse
621 1062 741 1136 milites,
757 1062 906 1135 officiales,
920 1061 1033 1135 nobiles,
1051 1086 1074 1155 ὲ

93 1150 145 1204 &c
169 1145 219 1223 qui
234 1144 263 1201 in
273 1143 491 1221 preparatione
502 1143 592 1201 animi
607 1162 724 1236 semper
737 1143 833 1223 parati
847 1154 918 1203 suut
931 1142 969 1219 ad
982 1162 1033 1202 tus·
1056 1182 1074 1234 h

92 1223 261 1305 cipiendum
272 1222 411 1293 duellum,
421 1220 665 1302 quandocumque
675 1224 748 1301 ipsis
757 1223 897 1282 offertur:
910 1223 936 1281 si
944 1233 1031 1283 tamen
1057 1255 1074 1313 [

94 1304 241 1382 dispositi
253 1301 418 1373 videantur,
442 1303 473 1359 in
488 1302 658 1379 particulari
673 1302 876 1382 interrogandi
890 1321 952 1361 non
965 1306 1032 1373 sunt,

90 1403 128 1442 au
140 1381 239 1443 oblata
253 1384 406 1441 occasione
419 1381 515 1439 adhuc
528 1381 607 1440 idem
620 1381 768 1451 facerent:
787 1382 840 1442 sed
853 1381 954 1461 potius
968 1381 1030 1441 dart
1053 1404 1074 1425 ·-

87 1460 261 1540 increpandi
275 1472 353 1530 sunt,
374 1461 511 1538 ponendo
525 1459 620 1520 eis'ob
635 1461 736 1520 oculos
749 1462 958 1521 enormitatem
972 1480 1029 1541 pec·
1054 1516 1074 1555 Ι

89 1542 158 1612 cati,
180 1551 211 1600 et
220 1539 397 1619 periculum,
409 1541 456 1598 cui
467 1560 498 1598 se
509 1551 719 1618 exposuerunt,
733 1540 879 1619 perdendi
893 1540 1030 1619 corpus'is
1058 1598 1074 1639 Ξ

90 1622 238 1681 animam:
258 1624 284 1679 ἃ
298 1618 392 1680 rolide
406 1617 603 1691 confortandi,
616 1638 654 1680 ue
668 1618 707 1679 'de
721 1629 828 1681 caetero
842 1619 873 1679 id
887 1629 1027 1683 attentare
1058 1646 1074 1685 τ

85 1699 227 1761 'audeaut
980 1698 983 1703 ’
1069 1706 1072 1711 “

344 1857 384 1917 Ν.
408 1859 472 1916 134.
512 1856 574 1916 DE
594 1857 788 1920 ABORTU.

91 1981 116 2040 l.
149 1980 281 2040 Abortae.
335 1978 377 2038 ΙΙ.
402 1979 523 2057 Tempus
541 1981 725 2040 animationis
743 1979 844 2060 soetm.
886 1976 948 2038 ΙΙΙ.
973 1978 1031 2039 Pro

123 2062 223 2138 praui.
265 2059 320 2118 lv.
334 2058 636 2136 Nonlicetprocurare
644 2060 782 2120 abortum.
822 2059 861 2120 V.
879 2059 1032 2137 Nequitiam

128 2137 270 2199 inducte.
310 2137 367 2198 Vl.
385 2136 603 2216 Aaprosalate
614 2142 723 2198 mauu.

131 2260 241 2334 QUID
257 2267 303 2318 est
316 2257 463 2320 abortus?

128 2340 168 2400 R.
189 2340 246 2398 llst
259 2348 438 2417 praematura
448 2338 555 2417 ejectio
569 2339 668 2410 foetus,
684 2358 771 2419 quem
785 2337 893 2399 mulier
906 2337 937 2398 iu
951 2346 1034 2399 utero

86 2426 199 2478 'estat
1024 2424 1028 2433 “

90 2438 111 2499 g
129 2499 154 2558 1.
175 2497 226 2556 Ad
246 2495 382 2556 abortum
397 2498 517 2575 proprie
531 2497 643 2557 dictum
656 2497 763 2557 sufficit
775 2496 880 2556 foetum
892 2516 958 2557 esse
972 2488 1036 2557 cori·

92 2588 220 2657 ceptum,
242 2578 304 2636 sive
326 2577 473 2635 animatus
495 2579 542 2647 sit,
562 2579 625 2636 sive
639 2598 717 2636 nou:
738 2576 807 2634 lriuc
821 2575 976 2654 impedire,
1002 2596 1037 2636 ue
1072 2584 1074 2589 '

90 2658 181 2716 foetus
194 2657 387 2734 concipiatur,
410 2667 445 2714 ut
464 2656 536 2715 iecit
552 2656 637 2716 Onan
654 2655 763 2717 (lenes.
777 2675 840 2734 cap.
853 2658 902 2713 38.
919 2668 1036 2715 nonest

87 2735 209 2795 abortus
221 2736 340 2813 proprie
349 2735 455 2806 dictus,
482 2754 536 2794 nec
547 2734 680 2814 subjacet
692 2736 788 2814 poenis
804 2735 924 2795 statutis
935 2744 1036 2795 contra
1067 2714 1074 2751 ¹

84 2825 279 2893 procurantes
301 2814 447 2886 abortum,
467 2813 541 2873 licet
560 2814 598 2874 ob
619 2815 843 2874 similitudinem
863 2812 987 2873 malitiae
999 2812 1035 2873 ad
1064 2792 1074 2849 l

85 2893 221 2953 abortum
244 2894 413 2952 reducatur.
454 2893 598 2954 Similiter
619 2893 657 2955 ad
681 2894 816 2954 abortum
841 2913 900 2952 non
923 2903 1034 2973 spectat
1061 2950 1074 2989 1

85 2974 202 3033 abactio
217 2973 306 3032 foetus
315 2971 380 3050 jam
394 2972 535 3051 corrupti.

83 3052 86 3057 ’
126 3052 323 3126 Quandonam
337 3063 474 3110 censetur
484 3052 574 3111 foetus
587 3053 736 3113 animari?

126 3132 168 3190 Il.
181 3132 219 3191 u.
234 3130 270 3190 Id
284 3141 330 3189 est
343 3134 507 3190 incertum:
529 3132 614 3190 multi
625 3131 714 3191 hodic
727 3131 830 3191 foetum
845 3129 971 3190 animari
985 3151 1033 3192 vo·

83 3210 150 3270 lunt
163 3209 200 3269 ab
214 3211 279 3288 ipso
294 3209 494 3288 conceptionis
508 3211 602 3281 initio,
624 3210 675 3268 alii
688 3212 787 3280 tertio,
802 3210 852 3269 alii
866 3222 975 3289 quarto
989 3210 1033 3272 die
1071 3268 1074 3283 ,

84 3301 154 3370 post
167 3289 409 3367 conceptionem:
429 3290 508 3350 unde
522 3290 764 3371 quotiescumque
781 3289 872 3348 fctus
895 3311 935 3349 ex
946 3301 1032 3351 utero
1072 3288 1074 3293 ’

84 3369 215 3449 pellitur,
236 3369 380 3426 incertum
396 3379 450 3440 est,
465 3390 502 3427 an
516 3390 575 3428 non
589 3369 756 3448 expellatur
774 3368 863 3427 loetus
877 3369 1032 3429 animatust

126 3448 244 3508 Foetum
259 3448 310 3506 diu
324 3457 393 3506 ante
406 3459 524 3527 partum
537 3448 670 3518 animari,
695 3459 808 3507 certum
823 3457 869 3507 est
883 3442 1031 3526 ex'quoti·

85 3528 174 3587 diana
187 3527 379 3607 experientia,
404 3547 469 3585 cum
481 3528 566 3587 multi
580 3548 619 3586 ex
632 3538 718 3587 utero
732 3527 836 3587 matris
855 3528 970 3587 exsecti
984 3528 1032 3588 (liu

83 3607 324 3686 supervixerint:
346 3607 425 3666 unde
447 3607 554 3666 merito
578 3607 769 3667 innocentius
799 3606 858 3666 Xl.
883 3606 1033 3673 damnavit

78 3685 154 3745 lianc
167 3686 420 3766 propositionem:
441 3686 601 3748 “Videtur
612 3684 776 3765 probabile,
789 3686 1030 3759 omuemfoetum,
