2182 4036
81 187 121 245 64
462 192 650 238 TRAO'PATUS
709 234 716 239 .

80 302 213 376 volitem,
238 302 372 362 sednon
399 300 608 361 voluntarium.
649 301 739 361 Patet
753 301 784 359 in
804 300 868 372 ilio,
897 304 950 381 qui
964 322 1020 364 uun

80 383 191 461 gaudio
204 384 323 442 interno
335 380 420 440 audit
430 381 661 440 detractionem:
675 381 700 439 si
711 380 778 439 talis
787 380 957 459 exjustitia
968 398 1020 444 ao!

80 463 239 522 tenebatur
252 460 406 540 impedire,
433 479 488 519 nec
506 459 568 519 ullo
588 460 677 518 modo
691 460 1020 522 extcrnd'influxeritid

80 541 304 612 detractionem,
325 560 385 599 uon
409 549 528 599 tenetur
541 539 579 597 ad
592 539 812 598 restitutionem
831 540 938 610 famae3
959 541 1020 620 qu

76 621 201 681 infamia
215 631 325 689 secuta,
338 619 410 678 licet
422 619 515 678 fuerit
525 618 626 689 volita,
640 617 768 677 nonfuit
780 628 880 678 tamen
892 619 1020 680 volunta·

78 700 142 760 ria:
157 700 306 760 silentium
320 699 413 777 ipsius
423 707 525 776 potest
539 698 658 777 quidem
668 697 728 757 dici
741 696 886 776 injustum
896 697 1020 759 denomi-

78 781 179 840 native
188 799 227 839 ex
235 777 474 849 effectuin‘usto,
487 777 539 837 sed
548 778 653 856 nequit
663 777 721 837 dici
730 776 873 854 injustum
883 777 1020 853 effective,

78 858 142 919 sire
155 857 339 919 restitutioni
360 799 530 916 odnoxium.
1011 886 1015 897 ·

118 937 188 1017 Obj.
203 937 228 997 1.
250 937 282 998 si
291 934 474 1017 qnislautiirs
488 945 593 1006 coenet,
606 946 641 995 ut
649 944 789 1014 sequatur
802 935 942 1014 pollutio,
954 937 1020 999 tolli

75 1026 180 1110 peceat
193 1028 297 1077 contra
309 1017 485 1087 castitatem,
496 1018 523 1074 u
533 1017 558 1075 si
567 1015 606 1074 sit
614 1015 798 1094 conjugatus,
812 1016 905 1075 etiam
918 1027 1019 1077 contr!

71 1096 241 1175 justitiamz
256 1116 316 1175 quo
330 1093 420 1155 modo
433 1116 493 1156 non
504 1105 664 1174 peccasset,
675 1095 700 1154 si
709 1095 788 1154 dicta
797 1094 927 1156 intentio
940 1095 1018 1156 aisn·¹

75 1176 168 1236 isset:
189 1177 340 1255 ergo,81c.
458 1184 461 1189 '
1002 1210 1007 1215 -

115 1255 154 1316 lt
175 1255 223 1314 Ne
248 1299 256 1314 .
273 1274 393 1332 conseq.
414 1253 450 1313 In
465 1254 568 1332 primis
582 1253 691 1313 lautior
700 1271 784 1312 oceno
802 1263 906 1330 potest
918 1253 1020 1315 suffici·

77 1344 163 1395 enter
184 1337 214 1392 in
238 1353 309 1394 uere
334 1343 367 1393 ut
381 1352 468 1392 causa
481 1333 601 1392 moralis
615 1334 646 1392 in
660 1333 772 1392 dictum
785 1333 946 1394 effectum:
965 1352 1018 1413 qno

76 1433 146 1474 casu
168 1415 277 1472 mirum
299 1432 358 1470 non
383 1421 438 1484 est,
466 1413 546 1490 qudd
559 1412 627 1472 talis
648 1411 782 1472 effectivd
801 1421 1017 1490 pecceteontm

74 1493 249 1562 castitatem,
265 1492 327 1551 &si
341 1491 380 1550 sit
388 1491 575 1570 conjugatus,
589 1493 679 1552 etiam
693 1502 797 1551 eontra
800 1491 962 1569 justitiam.

116 1571 206 1645 Quod
222 1572 247 1630 si
272 1580 456 1650 supponatur
469 1591 563 1641 casus,
591 1570 621 1629 in
637 1590 695 1650 quo
718 1570 829 1629 lautior
842 1589 927 1631 coena
939 1571 1015 1633 nult·

71 1650 162 1713 modo
177 1652 208 1710 in
216 1651 306 1710 istum
317 1651 455 1710 effectum
468 1650 585 1710 influit:
600 1661 670 1710 tunc
680 1649 783 1709 dicunt
796 1649 928 1728 qnidam,
940 1648 1014 1730 qudd

71 1730 141 1791 talis
162 1731 282 1810 quidem
326 1740 408 1790 occet
421 1730 557 1790 effective
571 1740 675 1789 contra
694 1729 870 1799 castitatem,
899 1730 1020 1791 &sitit-

73 1810 259 1890 eonjugatns,
278 1829 294 1868 e
319 1809 423 1879 ectiee,
445 1808 497 1868 sed
510 1828 568 1868 uon
584 1808 720 1868 effective
734 1818 837 1868 contra
852 1808 1015 1886 justitiane

66 1889 278 1967 disparitatem
306 1887 377 1946 dant
398 1887 482 1958 hane,
503 1889 583 1966 qudd
605 1888 724 1948 castitas
750 1893 776 1946 dt
796 1887 861 1946 alite
889 1888 1013 1949 virtutes

71 1967 200 2027 morales
209 1967 336 2026 habeant
345 1967 476 2025 medium
487 1967 619 2038 rationis,
629 1967 708 2046 quod
720 1967 850 2026 medium
859 1987 916 2044 per
924 1969 1014 2029 solun

63 2047 268 2105 intentionem
281 2047 428 2105 internam
436 2043 536 2123 potest
549 2047 680 2107 auferri:
695 2046 815 2126 justitia
824 2048 898 2106 vend
912 2047 1014 2107 habeat

72 2124 203 2183 medium
214 2125 268 2195 rei,
280 2125 359 2203 quod
368 2125 432 2185 soli
439 2125 604 2185 intentione
613 2145 672 2185 aon
682 2127 827 2195 cusentum
838 2126 892 2185 sed
900 2127 1014 2187 videtin

64 2222 145 2262 sano
159 2204 314 2264 sensudici
328 2224 424 2283 posse,
439 2205 517 2283 qudd
527 2206 556 2263 in
566 2206 624 2265 isto
635 2225 713 2276 casu,
728 2206 803 2264 sieut
813 2205 951 2265 effective
960 2224 1014 2266 nou

71 2293 175 2363 peccat
198 2293 301 2342 contra
319 2283 476 2362 justitiam,
500 2285 543 2344 ita
565 2285 655 2344 etiam
669 2285 804 2344 effective
828 2305 889 2344 non
912 2288 1010 2364 peccet

71 2371 175 2421 contra
188 2363 363 2434 castitatem,
390 2363 461 2422 licet
474 2375 557 2422 actus
571 2375 712 2424 externus
725 2364 896 2424 dominetur
910 2375 1009 2425 contra

71 2442 247 2519 castitatem,
262 2444 288 2500 u
302 2453 405 2502 contra
414 2442 562 2520 justitiam
577 2464 615 2503 ex
628 2444 736 2502 affectu
750 2444 877 2503 interno.

113 2520 240 2600 Obj.11.
259 2521 327 2581 Lib.
354 2525 402 2580 39.
424 2523 531 2600 digest.
557 2524 604 2581 tit.
625 2527 654 2581 3.
675 2523 692 2605 5
719 2525 765 2580 12.
787 2523 900 2600 &.leg.
915 2526 943 2582 2.
957 2525 974 2604 §
987 2525 1011 2582 9.

74 2599 202 2661 dicitur:
223 2610 241 2639 “
257 2602 288 2661 Si
303 2602 417 2661 vicinus
439 2601 548 2661 flumen
562 2603 610 2661 vel
623 2611 787 2662 torrentem
801 2604 955 2674 averterit,
978 2622 1011 2661 nc

71 2687 91 2715 “
104 2699 181 2758 aqua
205 2681 242 2739 ad
260 2701 328 2740 eum
351 2681 514 2758 perveniat,
542 2682 638 2740 &hoe
650 2682 739 2741 modo
753 2682 792 2740 sit
806 2681 956 2754 effectum,
979 2689 1010 2740 nt

69 2764 88 2794 “
102 2759 198 2817 vicino
212 2769 371 2819 noceatur:
392 2779 457 2819 curn
472 2779 508 2819 eo
521 2779 608 2839 aqum
618 2761 726 2838 pluium
738 2761 872 2821 arcendae
887 2761 939 2840 agi
951 2779 1006 2821 noa

71 2844 90 2873 “
104 2855 191 2914 posse
196 2881 268 2899 ......
284 2840 308 2896 si
322 2839 411 2898 modo
424 2859 482 2898 uon
498 2840 554 2898 inco
567 2840 664 2899 animo
678 2839 758 2910 fecit,
782 2850 816 2898 ut
829 2839 884 2898 tibi
899 2849 1006 2910 noceat,

71 2923 89 2952 ‘⁴
104 2915 157 2974 sed
168 2936 205 2976 ne
213 2916 269 2975 sibi
277 2927 382 2976 noceat
391 2919 416 2976 :”
427 2938 499 2996 ergo
510 2919 624 2978 animus
634 2929 733 3055 forest
743 2920 858 2978 efficere
867 2920 1006 2980 actionem

70 3003 224 3053 externam
238 2995 419 3074 injuriosam,
434 3017 498 3076 que
513 2999 549 3057 de
561 3019 592 3057 se
605 3009 637 3056 ta
648 2999 673 3056 is
686 3018 746 3057 non
760 3009 814 3058 est.

110 3072 148 3132 R.
168 3073 248 3151 Neg.
271 3093 388 3153 conseq.
411 3096 480 3134 nam
497 3076 548 3153 jus
572 3077 667 3146 civile,
693 3078 764 3136 dum
778 3077 914 3154 loquitur
939 3077 1005 3136 “de

70 3161 87 3190 “
102 3153 227 3223 animo,”
241 3173 298 3211 non
313 3155 377 3230 egit
389 3154 427 3214 de
441 3154 504 3215 solo
519 3157 654 3216 interiori
663 3157 782 3226 affectu,
797 3156 850 3215 sed
861 3156 899 3215 de
913 3159 1005 3216 animo

70 3250 157 3312 quem
171 3232 302 3291 ostendit
322 3232 387 3309 ipsa
400 3253 499 3310 perse
513 3238 622 3294 nocens
636 3236 663 3293 s
676 3235 819 3314 injuriosa
828 3235 917 3307 aetio,
938 3234 1006 3295 utri

69 3311 135 3405 quis
144 3321 259 3370 avertat
273 3321 437 3394 torrentem
450 3312 481 3371 in
494 3333 599 3406 agrum
611 3314 709 3386 vicini,
725 3315 814 3395 idque
825 3315 900 3374 eitra
911 3334 1006 3375 neces·

67 3400 185 3449 ertatem
199 3400 251 3448 aut
261 3391 419 3449 utilitatem
427 3402 559 3468 agent1s3
572 3413 638 3452 nam
648 3395 673 3452 si
683 3393 858 3453 alterutrum
870 3393 1005 3463 adfuerit,

69 3480 139 3528 tunc
149 3490 207 3528 non
222 3481 357 3529 censetur
370 3469 435 3528 fieri
448 3471 546 3530 animo
560 3474 694 3532 nocendi.

107 3549 157 3608 An
172 3549 321 3626 obligatur
333 3548 371 3607 ad
392 3549 620 3627 restitutionem,
634 3553 685 3633 qui
707 3552 831 3632 impedit
844 3553 970 3614 alterum
989 3553 1005 3611 d

69 3630 275 3689 consecutione
289 3627 412 3705 alicujus
426 3627 494 3688 boni
509 3631 523 3690 i
