<?xml version="1.0" encoding="UTF-8"?>
<!DOCTYPE html PUBLIC "-//W3C//DTD XHTML 1.0 Transitional//EN"
    "http://www.w3.org/TR/xhtml1/DTD/xhtml1-transitional.dtd">
<html xmlns="http://www.w3.org/1999/xhtml" xml:lang="en" lang="en">
 <head>
  <title>
</title>
<meta http-equiv="Content-Type" content="text/html;charset=utf-8" />
  <meta name='ocr-system' content='tesseract 3.04.00' />
  <meta name='ocr-capabilities' content='ocr_page ocr_carea ocr_par ocr_line ocrx_word'/>
</head>
<body>
  <div class='ocr_page' id='page_1' title='image "./theologiamorali01densgoog_0115.png"; bbox 0 0 2160 4034; ppageno 0'>
   <div class='ocr_carea' id='block_1_1' title="bbox 23 102 1080 3806">
    <p class='ocr_par' dir='ltr' id='par_1_1' title="bbox 23 102 1080 1026">
     <span class='ocr_line' id='line_1_1' title="bbox 23 102 649 172; baseline -0.006 0"><span class='ocrx_word' id='word_1_1' title='bbox 23 112 27 121; x_wconf 72' lang='lat'>‘</span> <span class='ocrx_word' id='word_1_2' title='bbox 74 110 144 172; x_wconf 75' lang='lat' dir='ltr'>lot</span> <span class='ocrx_word' id='word_1_3' title='bbox 391 108 403 136; x_wconf 70' lang='lat'><em>³</em></span> <span class='ocrx_word' id='word_1_4' title='bbox 458 102 649 169; x_wconf 70' lang='lat' dir='ltr'>murreus</span> 
     </span>
     <span class='ocr_line' id='line_1_2' title="bbox 85 216 1080 314; baseline -0.006 -20"><span class='ocrx_word' id='word_1_5' title='bbox 85 230 231 294; x_wconf 82' lang='lat' dir='ltr'>fundator</span> <span class='ocrx_word' id='word_1_6' title='bbox 251 222 284 290; x_wconf 89' lang='lat' dir='ltr'>in</span> <span class='ocrx_word' id='word_1_7' title='bbox 307 240 487 311; x_wconf 79' lang='lat' dir='ltr'>praesnmpta</span> <span class='ocrx_word' id='word_1_8' title='bbox 513 232 670 295; x_wconf 88' lang='lat' dir='ltr'>voluntate</span> <span class='ocrx_word' id='word_1_9' title='bbox 696 230 818 304; x_wconf 88' lang='lat' dir='ltr'>domini,</span> <span class='ocrx_word' id='word_1_10' title='bbox 839 233 904 314; x_wconf 79' lang='lat' dir='ltr'>quie</span> <span class='ocrx_word' id='word_1_11' title='bbox 921 216 1008 290; x_wconf 78' lang='lat' dir='ltr'>¹facili</span> <span class='ocrx_word' id='word_1_12' title='bbox 1078 226 1080 267; x_wconf 68' lang='lat'>3</span> 
     </span>
     <span class='ocr_line' id='line_1_3' title="bbox 89 309 1079 390; baseline -0.005 -17"><span class='ocrx_word' id='word_1_13' title='bbox 89 310 217 373; x_wconf 88' lang='lat' dir='ltr'>habetur</span> <span class='ocrx_word' id='word_1_14' title='bbox 230 330 285 390; x_wconf 92' lang='lat' dir='ltr'>pro</span> <span class='ocrx_word' id='word_1_15' title='bbox 298 309 382 374; x_wconf 87' lang='lat' dir='ltr'>bonae</span> <span class='ocrx_word' id='word_1_16' title='bbox 395 311 465 370; x_wconf 88' lang='lat' dir='ltr'>fidei</span> <span class='ocrx_word' id='word_1_17' title='bbox 479 332 660 390; x_wconf 82' lang='lat' dir='ltr'>possessore,</span> <span class='ocrx_word' id='word_1_18' title='bbox 681 330 747 371; x_wconf 91' lang='lat' dir='ltr'>cum</span> <span class='ocrx_word' id='word_1_19' title='bbox 766 312 902 372; x_wconf 88' lang='lat' dir='ltr'>dominus</span> <span class='ocrx_word' id='word_1_20' title='bbox 924 311 969 369; x_wconf 91' lang='lat' dir='ltr'>illi</span> <span class='ocrx_word' id='word_1_21' title='bbox 993 318 1040 377; x_wconf 57' lang='lat' dir='ltr'>eil</span> <span class='ocrx_word' id='word_1_22' title='bbox 1065 355 1079 365; x_wconf 34' lang='grc'>..</span> 
     </span>
     <span class='ocr_line' id='line_1_4' title="bbox 88 389 1080 473; baseline 0.001 -22"><span class='ocrx_word' id='word_1_23' title='bbox 88 410 197 471; x_wconf 88' lang='lat' dir='ltr'>pensas</span> <span class='ocrx_word' id='word_1_24' title='bbox 210 389 369 452; x_wconf 90' lang='lat' dir='ltr'>refundere</span> <span class='ocrx_word' id='word_1_25' title='bbox 383 401 537 463; x_wconf 88' lang='lat' dir='ltr'>teneatur;</span> <span class='ocrx_word' id='word_1_26' title='bbox 557 392 611 452; x_wconf 90' lang='lat' dir='ltr'>sed</span> <span class='ocrx_word' id='word_1_27' title='bbox 633 391 791 452; x_wconf 83' lang='lat' dir='ltr'><strong>admodum</strong></span> <span class='ocrx_word' id='word_1_28' title='bbox 812 411 881 451; x_wconf 85' lang='lat' dir='ltr'>raro</span> <span class='ocrx_word' id='word_1_29' title='bbox 900 410 957 472; x_wconf 92' lang='lat' dir='ltr'>pro</span> <span class='ocrx_word' id='word_1_30' title='bbox 978 394 1049 473; x_wconf 71' lang='lat' dir='ltr'>posi</span> <span class='ocrx_word' id='word_1_31' title='bbox 1079 449 1080 452; x_wconf 74' lang='grc'>,</span> 
     </span>
     <span class='ocr_line' id='line_1_5' title="bbox 91 469 1051 531; baseline -0.001 -1"><span class='ocrx_word' id='word_1_32' title='bbox 91 489 207 530; x_wconf 76' lang='lat' dir='ltr'>sessore</span> <span class='ocrx_word' id='word_1_33' title='bbox 221 469 305 531; x_wconf 74' lang='lat' dir='ltr'>malie</span> <span class='ocrx_word' id='word_1_34' title='bbox 318 471 398 530; x_wconf 86' lang='lat' dir='ltr'>fidei.</span> <span class='ocrx_word' id='word_1_35' title='bbox 1026 514 1029 519; x_wconf 77' lang='lat'>·</span> <span class='ocrx_word' id='word_1_36' title='bbox 1045 474 1051 479; x_wconf 89' lang='lat'>&#39;</span> 
     </span>
     <span class='ocr_line' id='line_1_6' title="bbox 93 546 1074 688; baseline 0.003 -80"><span class='ocrx_word' id='word_1_37' title='bbox 93 588 121 688; x_wconf 63' lang='lat' dir='ltr'>d·</span> <span class='ocrx_word' id='word_1_38' title='bbox 130 550 175 686; x_wconf 48' lang='lat' dir='ltr'>{lt</span> <span class='ocrx_word' id='word_1_39' title='bbox 184 559 283 609; x_wconf 88' lang='lat' dir='ltr'>autem</span> <span class='ocrx_word' id='word_1_40' title='bbox 295 552 361 631; x_wconf 90' lang='lat' dir='ltr'>quis</span> <span class='ocrx_word' id='word_1_41' title='bbox 372 550 536 630; x_wconf 91' lang='lat' dir='ltr'>prudenter</span> <span class='ocrx_word' id='word_1_42' title='bbox 545 553 577 610; x_wconf 91' lang='lat' dir='ltr'>in</span> <span class='ocrx_word' id='word_1_43' title='bbox 585 551 642 611; x_wconf 89' lang='lat' dir='ltr'>hoe</span> <span class='ocrx_word' id='word_1_44' title='bbox 650 570 719 612; x_wconf 90' lang='lat' dir='ltr'>casu</span> <span class='ocrx_word' id='word_1_45' title='bbox 729 550 880 629; x_wconf 84' lang='lat' dir='ltr'>procedat,</span> <span class='ocrx_word' id='word_1_46' title='bbox 891 546 1074 639; x_wconf 45' lang='lat' dir='ltr'>inquirere)</span> 
     </span>
     <span class='ocr_line' id='line_1_7' title="bbox 114 638 1080 689; baseline -0.002 0"><span class='ocrx_word' id='word_1_47' title='bbox 114 648 131 689; x_wconf 84' lang='grc' dir='ltr'>θ</span> <span class='ocrx_word' id='word_1_48' title='bbox 153 638 200 688; x_wconf 79' lang='lat' dir='ltr'>et:</span> <span class='ocrx_word' id='word_1_49' title='bbox 1052 652 1080 668; x_wconf 58' lang='lat'>&#39;¹</span> 
     </span>
     <span class='ocr_line' id='line_1_8' title="bbox 134 704 1075 789; baseline -0.001 -23"><span class='ocrx_word' id='word_1_50' title='bbox 134 711 179 767; x_wconf 82' lang='lat'>10.</span> <span class='ocrx_word' id='word_1_51' title='bbox 200 708 250 767; x_wconf 91' lang='lat' dir='ltr'>An</span> <span class='ocrx_word' id='word_1_52' title='bbox 271 729 330 768; x_wconf 92' lang='lat' dir='ltr'>non</span> <span class='ocrx_word' id='word_1_53' title='bbox 354 719 491 789; x_wconf 84' lang='lat' dir='ltr'>speretur</span> <span class='ocrx_word' id='word_1_54' title='bbox 511 719 617 788; x_wconf 90' lang='lat' dir='ltr'>postea</span> <span class='ocrx_word' id='word_1_55' title='bbox 635 707 743 768; x_wconf 89' lang='lat' dir='ltr'>melior</span> <span class='ocrx_word' id='word_1_56' title='bbox 763 708 958 768; x_wconf 76' lang='lat' dir='ltr'>commoditas</span> <span class='ocrx_word' id='word_1_57' title='bbox 980 710 1053 768; x_wconf 68' lang='lat' dir='ltr'>retii*</span> <span class='ocrx_word' id='word_1_58' title='bbox 1064 704 1075 765; x_wconf 83' lang='lat' dir='ltr'>l</span> 
     </span>
     <span class='ocr_line' id='line_1_9' title="bbox 90 787 1072 865; baseline 0.003 -20"><span class='ocrx_word' id='word_1_59' title='bbox 90 787 264 848; x_wconf 89' lang='lat' dir='ltr'>immediate</span> <span class='ocrx_word' id='word_1_60' title='bbox 279 789 399 848; x_wconf 91' lang='lat' dir='ltr'>domino</span> <span class='ocrx_word' id='word_1_61' title='bbox 413 788 600 848; x_wconf 89' lang='lat' dir='ltr'>restituendi.</span> <span class='ocrx_word' id='word_1_62' title='bbox 1060 802 1072 865; x_wconf 52' lang='lat' dir='ltr'>,t</span> 
     </span>
     <span class='ocr_line' id='line_1_10' title="bbox 129 864 1077 947; baseline -0.001 -21"><span class='ocrx_word' id='word_1_63' title='bbox 129 869 178 926; x_wconf 81' lang='grc'><strong>20.</strong></span> <span class='ocrx_word' id='word_1_64' title='bbox 201 867 249 925; x_wconf 89' lang='lat' dir='ltr'>An</span> <span class='ocrx_word' id='word_1_65' title='bbox 264 868 416 928; x_wconf 85' lang='lat' dir='ltr'>restitutio</span> <span class='ocrx_word' id='word_1_66' title='bbox 429 867 495 926; x_wconf 89' lang='lat' dir='ltr'>fieri</span> <span class='ocrx_word' id='word_1_67' title='bbox 513 887 572 926; x_wconf 90' lang='lat' dir='ltr'>non</span> <span class='ocrx_word' id='word_1_68' title='bbox 583 868 678 945; x_wconf 88' lang='lat' dir='ltr'>possit</span> <span class='ocrx_word' id='word_1_69' title='bbox 692 865 854 926; x_wconf 90' lang='lat' dir='ltr'>minoribus</span> <span class='ocrx_word' id='word_1_70' title='bbox 865 864 1045 947; x_wconf 80' lang='lat' dir='ltr'>sumptibu&#39;s&#39;,</span> <span class='ocrx_word' id='word_1_71' title='bbox 1057 896 1077 931; x_wconf 64' lang='lat' dir='ltr'>s</span> 
     </span>
     <span class='ocr_line' id='line_1_11' title="bbox 89 945 699 1026; baseline -0.003 -20"><span class='ocrx_word' id='word_1_72' title='bbox 89 945 280 1006; x_wconf 86' lang='lat' dir='ltr'>restituendo</span> <span class='ocrx_word' id='word_1_73' title='bbox 293 947 379 1005; x_wconf 90' lang='lat' dir='ltr'>aliam</span> <span class='ocrx_word' id='word_1_74' title='bbox 389 967 453 1007; x_wconf 91' lang='lat' dir='ltr'>rem</span> <span class='ocrx_word' id='word_1_75' title='bbox 462 945 699 1026; x_wconf 68' lang='lat' dir='ltr'>aequivalentem.</span> 
     </span>
    </p>

    <p class='ocr_par' dir='ltr' id='par_1_2' title="bbox 89 1024 1080 1341">
     <span class='ocr_line' id='line_1_12' title="bbox 129 1024 1057 1109; baseline 0.005 -26"><span class='ocrx_word' id='word_1_76' title='bbox 129 1028 178 1084; x_wconf 84' lang='grc'><strong>30.</strong></span> <span class='ocrx_word' id='word_1_77' title='bbox 199 1024 249 1083; x_wconf 91' lang='lat' dir='ltr'>An</span> <span class='ocrx_word' id='word_1_78' title='bbox 264 1026 401 1086; x_wconf 89' lang='lat' dir='ltr'>scirinon</span> <span class='ocrx_word' id='word_1_79' title='bbox 416 1026 520 1106; x_wconf 81' lang='lat' dir='ltr'>possit,</span> <span class='ocrx_word' id='word_1_80' title='bbox 535 1025 608 1109; x_wconf 90' lang='lat' dir='ltr'>quid</span> <span class='ocrx_word' id='word_1_81' title='bbox 622 1025 767 1097; x_wconf 88' lang='lat' dir='ltr'>dominus,</span> <span class='ocrx_word' id='word_1_82' title='bbox 787 1042 913 1085; x_wconf 89' lang='lat' dir='ltr'>noscens</span> <span class='ocrx_word' id='word_1_83' title='bbox 926 1024 982 1083; x_wconf 88' lang='lat' dir='ltr'>nbi</span> <span class='ocrx_word' id='word_1_84' title='bbox 994 1037 1057 1103; x_wconf 66' lang='lat' dir='ltr'>res!</span> 
     </span>
     <span class='ocr_line' id='line_1_13' title="bbox 95 1104 1057 1176; baseline 0.001 -13"><span class='ocrx_word' id='word_1_85' title='bbox 95 1104 145 1176; x_wconf 87' lang='lat' dir='ltr'>sit,</span> <span class='ocrx_word' id='word_1_86' title='bbox 166 1104 240 1162; x_wconf 85' lang='lat' dir='ltr'>velit</span> <span class='ocrx_word' id='word_1_87' title='bbox 251 1104 288 1164; x_wconf 92' lang='lat' dir='ltr'>de</span> <span class='ocrx_word' id='word_1_88' title='bbox 298 1124 334 1164; x_wconf 89' lang='lat' dir='ltr'>ea</span> <span class='ocrx_word' id='word_1_89' title='bbox 347 1104 422 1165; x_wconf 89' lang='lat' dir='ltr'>fieri.</span> <span class='ocrx_word' id='word_1_90' title='bbox 981 1117 983 1120; x_wconf 78' lang='grc'>’</span> <span class='ocrx_word' id='word_1_91' title='bbox 1048 1115 1057 1151; x_wconf 71' lang='lat' dir='ltr'>t</span> 
     </span>
     <span class='ocr_line' id='line_1_14' title="bbox 126 1182 1049 1262; baseline 0.002 -21"><span class='ocrx_word' id='word_1_92' title='bbox 126 1186 176 1242; x_wconf 82' lang='grc'><strong>40.</strong></span> <span class='ocrx_word' id='word_1_93' title='bbox 198 1184 248 1241; x_wconf 92' lang='lat' dir='ltr'>An</span> <span class='ocrx_word' id='word_1_94' title='bbox 271 1203 330 1242; x_wconf 90' lang='lat' dir='ltr'>non</span> <span class='ocrx_word' id='word_1_95' title='bbox 345 1185 440 1262; x_wconf 87' lang='lat' dir='ltr'>possit</span> <span class='ocrx_word' id='word_1_96' title='bbox 462 1185 544 1245; x_wconf 84' lang='lat' dir='ltr'>forte</span> <span class='ocrx_word' id='word_1_97' title='bbox 567 1183 728 1244; x_wconf 85' lang='lat' dir='ltr'>restituere</span> <span class='ocrx_word' id='word_1_98' title='bbox 752 1183 894 1243; x_wconf 81' lang='lat' dir='ltr'>creditori</span> <span class='ocrx_word' id='word_1_99' title='bbox 916 1182 1049 1259; x_wconf 65' lang='lat' dir='ltr'>domiui!</span> 
     </span>
     <span class='ocr_line' id='line_1_15' title="bbox 89 1257 1080 1341; baseline -0.001 -18"><span class='ocrx_word' id='word_1_100' title='bbox 89 1262 179 1323; x_wconf 88' lang='lat' dir='ltr'>aliive</span> <span class='ocrx_word' id='word_1_101' title='bbox 190 1261 256 1341; x_wconf 87' lang='lat' dir='ltr'>ejus</span> <span class='ocrx_word' id='word_1_102' title='bbox 264 1261 362 1323; x_wconf 90' lang='lat' dir='ltr'>locum</span> <span class='ocrx_word' id='word_1_103' title='bbox 377 1267 499 1325; x_wconf 88' lang='lat' dir='ltr'>tenenti.</span> <span class='ocrx_word' id='word_1_104' title='bbox 1052 1278 1053 1289; x_wconf 71' lang='grc'>’</span> <span class='ocrx_word' id='word_1_105' title='bbox 1076 1257 1080 1287; x_wconf 73' lang='lat'><em>³</em></span> 
     </span>
    </p>

    <p class='ocr_par' dir='ltr' id='par_1_3' title="bbox 87 1340 1080 1819">
     <span class='ocr_line' id='line_1_16' title="bbox 123 1340 1080 1422; baseline 0.003 -19"><span class='ocrx_word' id='word_1_106' title='bbox 123 1341 188 1403; x_wconf 75' lang='lat' dir='ltr'>&#39;v1.</span> <span class='ocrx_word' id='word_1_107' title='bbox 204 1341 334 1415; x_wconf 85' lang='lat' dir='ltr'>Quintus</span> <span class='ocrx_word' id='word_1_108' title='bbox 345 1363 429 1402; x_wconf 89' lang='lat' dir='ltr'>casus</span> <span class='ocrx_word' id='word_1_109' title='bbox 443 1351 586 1422; x_wconf 87' lang='lat' dir='ltr'>exceptus</span> <span class='ocrx_word' id='word_1_110' title='bbox 595 1344 621 1402; x_wconf 73' lang='grc' dir='ltr'>δι</span> <span class='ocrx_word' id='word_1_111' title='bbox 631 1343 726 1420; x_wconf 81' lang='lat' dir='ltr'>magis</span> <span class='ocrx_word' id='word_1_112' title='bbox 740 1342 907 1401; x_wconf 88' lang='lat' dir='ltr'>ordinarius</span> <span class='ocrx_word' id='word_1_113' title='bbox 921 1351 969 1401; x_wconf 90' lang='lat' dir='ltr'>est</span> <span class='ocrx_word' id='word_1_114' title='bbox 979 1340 1041 1405; x_wconf 73' lang='lat' dir='ltr'>hies*</span> <span class='ocrx_word' id='word_1_115' title='bbox 1067 1357 1080 1377; x_wconf 78' lang='lat'>³</span> 
     </span>
     <span class='ocr_line' id='line_1_17' title="bbox 90 1420 1069 1498; baseline 0.002 -17"><span class='ocrx_word' id='word_1_116' title='bbox 90 1422 115 1482; x_wconf 89' lang='lat' dir='ltr'>si</span> <span class='ocrx_word' id='word_1_117' title='bbox 129 1420 190 1492; x_wconf 89' lang='lat' dir='ltr'>ille,</span> <span class='ocrx_word' id='word_1_118' title='bbox 204 1422 252 1480; x_wconf 90' lang='lat' dir='ltr'>cui</span> <span class='ocrx_word' id='word_1_119' title='bbox 266 1422 355 1483; x_wconf 91' lang='lat' dir='ltr'>debet</span> <span class='ocrx_word' id='word_1_120' title='bbox 368 1422 433 1491; x_wconf 86' lang='lat' dir='ltr'>fieri</span> <span class='ocrx_word' id='word_1_121' title='bbox 444 1422 605 1493; x_wconf 88' lang='lat' dir='ltr'>restitutio,</span> <span class='ocrx_word' id='word_1_122' title='bbox 626 1422 666 1480; x_wconf 89' lang='lat' dir='ltr'>sit</span> <span class='ocrx_word' id='word_1_123' title='bbox 674 1422 794 1481; x_wconf 91' lang='lat' dir='ltr'>omnino</span> <span class='ocrx_word' id='word_1_124' title='bbox 808 1421 938 1498; x_wconf 80' lang='lat' dir='ltr'>ignotus,</span> <span class='ocrx_word' id='word_1_125' title='bbox 953 1421 996 1479; x_wconf 86' lang='lat' dir='ltr'>ait</span> <span class='ocrx_word' id='word_1_126' title='bbox 1008 1420 1069 1483; x_wconf 69' lang='lat' dir='ltr'>Ut&#39;</span> 
     </span>
     <span class='ocr_line' id='line_1_18' title="bbox 89 1493 1080 1582; baseline -0.004 -18"><span class='ocrx_word' id='word_1_127' title='bbox 89 1500 199 1564; x_wconf 86' lang='lat' dir='ltr'>Thom.</span> <span class='ocrx_word' id='word_1_128' title='bbox 213 1511 315 1582; x_wconf 72' lang='lat' dir='ltr'>quaest.</span> <span class='ocrx_word' id='word_1_129' title='bbox 330 1505 379 1560; x_wconf 82' lang='lat'>62.</span> <span class='ocrx_word' id='word_1_130' title='bbox 399 1512 456 1563; x_wconf 87' lang='lat' dir='ltr'>art.</span> <span class='ocrx_word' id='word_1_131' title='bbox 470 1504 499 1561; x_wconf 82' lang='lat'>5.</span> <span class='ocrx_word' id='word_1_132' title='bbox 518 1501 557 1560; x_wconf 87' lang='lat' dir='ltr'>ad</span> <span class='ocrx_word' id='word_1_133' title='bbox 571 1503 600 1572; x_wconf 78' lang='grc'>3.</span> <span class='ocrx_word' id='word_1_134' title='bbox 614 1499 704 1560; x_wconf 89' lang='lat' dir='ltr'>debet</span> <span class='ocrx_word' id='word_1_135' title='bbox 716 1500 806 1560; x_wconf 86' lang='lat' dir='ltr'>homo</span> <span class='ocrx_word' id='word_1_136' title='bbox 819 1499 983 1559; x_wconf 84' lang='lat' dir='ltr'>restituere</span> <span class='ocrx_word' id='word_1_137' title='bbox 996 1493 1080 1560; x_wconf 62' lang='lat' dir='ltr'>sol*</span> 
     </span>
     <span class='ocr_line' id='line_1_19' title="bbox 87 1578 1055 1663; baseline 0 -23"><span class='ocrx_word' id='word_1_138' title='bbox 87 1579 219 1640; x_wconf 82' lang='lat' dir='ltr'>cundum</span> <span class='ocrx_word' id='word_1_139' title='bbox 242 1581 323 1663; x_wconf 89' lang='lat' dir='ltr'>quod</span> <span class='ocrx_word' id='word_1_140' title='bbox 345 1590 455 1659; x_wconf 91' lang='lat' dir='ltr'>potest,</span> <span class='ocrx_word' id='word_1_141' title='bbox 477 1580 574 1640; x_wconf 89' lang='lat' dir='ltr'>dando</span> <span class='ocrx_word' id='word_1_142' title='bbox 595 1580 625 1639; x_wconf 94' lang='lat' dir='ltr'>in</span> <span class='ocrx_word' id='word_1_143' title='bbox 650 1580 853 1658; x_wconf 70' lang='lat' dir='ltr'>eleemosynas</span> <span class='ocrx_word' id='word_1_144' title='bbox 875 1598 933 1658; x_wconf 89' lang='lat' dir='ltr'>pro</span> <span class='ocrx_word' id='word_1_145' title='bbox 946 1578 1041 1640; x_wconf 70' lang='lat' dir='ltr'>suits</span> <span class='ocrx_word' id='word_1_146' title='bbox 1053 1649 1055 1660; x_wconf 37' lang='grc' dir='ltr'>Ι</span> 
     </span>
     <span class='ocr_line' id='line_1_20' title="bbox 88 1657 1075 1739; baseline 0 -22"><span class='ocrx_word' id='word_1_147' title='bbox 88 1659 193 1739; x_wconf 85' lang='lat' dir='ltr'>ipsius,</span> <span class='ocrx_word' id='word_1_148' title='bbox 214 1658 278 1720; x_wconf 84' lang='lat' dir='ltr'>sive</span> <span class='ocrx_word' id='word_1_149' title='bbox 292 1660 331 1720; x_wconf 90' lang='lat' dir='ltr'>sit</span> <span class='ocrx_word' id='word_1_150' title='bbox 344 1671 480 1720; x_wconf 88' lang='lat' dir='ltr'>mortuus</span> <span class='ocrx_word' id='word_1_151' title='bbox 494 1661 557 1719; x_wconf 82' lang='lat' dir='ltr'>sire</span> <span class='ocrx_word' id='word_1_152' title='bbox 577 1660 672 1730; x_wconf 85' lang='lat' dir='ltr'>vivus,</span> <span class='ocrx_word' id='word_1_153' title='bbox 696 1658 848 1738; x_wconf 68' lang='lat' dir='ltr'>premissi</span> <span class='ocrx_word' id='word_1_154' title='bbox 860 1668 961 1716; x_wconf 89' lang='lat' dir='ltr'>tamen</span> <span class='ocrx_word' id='word_1_155' title='bbox 976 1657 1041 1717; x_wconf 62' lang='lat' dir='ltr'>dili-t</span> <span class='ocrx_word' id='word_1_156' title='bbox 1070 1691 1075 1698; x_wconf 93' lang='lat'><em>·</em></span> 
     </span>
     <span class='ocr_line' id='line_1_21' title="bbox 91 1737 1020 1819; baseline -0.004 -19"><span class='ocrx_word' id='word_1_157' title='bbox 91 1740 177 1817; x_wconf 78' lang='lat' dir='ltr'>genti</span> <span class='ocrx_word' id='word_1_158' title='bbox 190 1739 381 1818; x_wconf 86' lang='lat' dir='ltr'>inquisitione</span> <span class='ocrx_word' id='word_1_159' title='bbox 391 1740 428 1800; x_wconf 89' lang='lat' dir='ltr'>de</span> <span class='ocrx_word' id='word_1_160' title='bbox 442 1758 578 1819; x_wconf 88' lang='lat' dir='ltr'>persona,</span> <span class='ocrx_word' id='word_1_161' title='bbox 593 1737 640 1797; x_wconf 89' lang='lat' dir='ltr'>cui</span> <span class='ocrx_word' id='word_1_162' title='bbox 653 1738 805 1798; x_wconf 85' lang='lat' dir='ltr'>restitutio</span> <span class='ocrx_word' id='word_1_163' title='bbox 815 1737 952 1796; x_wconf 87' lang='lat' dir='ltr'>facienda</span> <span class='ocrx_word' id='word_1_164' title='bbox 966 1746 1020 1798; x_wconf 84' lang='lat' dir='ltr'>est.</span> 
     </span>
    </p>

    <p class='ocr_par' dir='ltr' id='par_1_4' title="bbox 134 1815 1080 1894">
     <span class='ocr_line' id='line_1_22' title="bbox 134 1815 1080 1894; baseline -0.001 -17"><span class='ocrx_word' id='word_1_165' title='bbox 134 1818 479 1892; x_wconf 83' lang='lat' dir='ltr'>Quandonamdominus</span> <span class='ocrx_word' id='word_1_166' title='bbox 492 1816 913 1894; x_wconf 77' lang='lat' dir='ltr'>censeturomuinoignotus?</span> <span class='ocrx_word' id='word_1_167' title='bbox 1066 1815 1080 1829; x_wconf 79' lang='grc'><em>”</em></span> 
     </span>
    </p>

    <p class='ocr_par' dir='ltr' id='par_1_5' title="bbox 90 1894 1072 2293">
     <span class='ocr_line' id='line_1_23' title="bbox 118 1894 1063 1973; baseline -0.01 -15"><span class='ocrx_word' id='word_1_168' title='bbox 118 1896 207 1958; x_wconf 78' lang='lat' dir='ltr'>vn.</span> <span class='ocrx_word' id='word_1_169' title='bbox 227 1899 267 1958; x_wconf 89' lang='lat' dir='ltr'>R.</span> <span class='ocrx_word' id='word_1_170' title='bbox 298 1900 343 1956; x_wconf 91' lang='grc'><strong>10.</strong></span> <span class='ocrx_word' id='word_1_171' title='bbox 364 1898 515 1957; x_wconf 88' lang='lat' dir='ltr'>Dominus</span> <span class='ocrx_word' id='word_1_172' title='bbox 534 1915 593 1956; x_wconf 89' lang='lat' dir='ltr'>non</span> <span class='ocrx_word' id='word_1_173' title='bbox 607 1907 746 1956; x_wconf 86' lang='lat' dir='ltr'>censetur</span> <span class='ocrx_word' id='word_1_174' title='bbox 766 1896 886 1956; x_wconf 92' lang='lat' dir='ltr'>omuino</span> <span class='ocrx_word' id='word_1_175' title='bbox 909 1894 1039 1973; x_wconf 79' lang='lat' dir='ltr'>ignotus,</span> <span class='ocrx_word' id='word_1_176' title='bbox 1055 1943 1063 1972; x_wconf 8' lang='grc' dir='ltr'>Ἴ.</span> 
     </span>
     <span class='ocr_line' id='line_1_24' title="bbox 90 1975 1056 2056; baseline 0 -21"><span class='ocrx_word' id='word_1_177' title='bbox 90 1975 149 2035; x_wconf 90' lang='lat' dir='ltr'>nisi</span> <span class='ocrx_word' id='word_1_178' title='bbox 164 1976 292 2054; x_wconf 84' lang='lat' dir='ltr'>diligens</span> <span class='ocrx_word' id='word_1_179' title='bbox 306 1977 459 2056; x_wconf 87' lang='lat' dir='ltr'>inquisitio</span> <span class='ocrx_word' id='word_1_180' title='bbox 472 1976 564 2056; x_wconf 86' lang='lat' dir='ltr'>juxta</span> <span class='ocrx_word' id='word_1_181' title='bbox 576 1976 621 2035; x_wconf 91' lang='lat' dir='ltr'>rei</span> <span class='ocrx_word' id='word_1_182' title='bbox 634 1977 812 2054; x_wconf 80' lang='lat' dir='ltr'>gravitatem</span> <span class='ocrx_word' id='word_1_183' title='bbox 828 1976 867 2035; x_wconf 91' lang='lat' dir='ltr'>sit</span> <span class='ocrx_word' id='word_1_184' title='bbox 880 1975 1039 2053; x_wconf 70' lang='lat' dir='ltr'>praemissas</span> <span class='ocrx_word' id='word_1_185' title='bbox 1054 2043 1056 2051; x_wconf 22' lang='lat' dir='ltr'>y</span> 
     </span>
     <span class='ocr_line' id='line_1_25' title="bbox 100 2054 1063 2135; baseline 0 -21"><span class='ocrx_word' id='word_1_186' title='bbox 100 2077 113 2135; x_wconf 51' lang='lat' dir='ltr'><em>s</em></span> <span class='ocrx_word' id='word_1_187' title='bbox 131 2055 198 2115; x_wconf 90' lang='lat' dir='ltr'>Nec</span> <span class='ocrx_word' id='word_1_188' title='bbox 208 2058 257 2114; x_wconf 79' lang='grc'><strong>20.</strong></span> <span class='ocrx_word' id='word_1_189' title='bbox 271 2055 296 2114; x_wconf 89' lang='lat' dir='ltr'>si</span> <span class='ocrx_word' id='word_1_190' title='bbox 310 2056 447 2115; x_wconf 90' lang='lat' dir='ltr'>dominus</span> <span class='ocrx_word' id='word_1_191' title='bbox 458 2054 553 2115; x_wconf 90' lang='lat' dir='ltr'>solum</span> <span class='ocrx_word' id='word_1_192' title='bbox 567 2055 607 2114; x_wconf 92' lang='lat' dir='ltr'>sit</span> <span class='ocrx_word' id='word_1_193' title='bbox 622 2054 743 2133; x_wconf 82' lang='lat' dir='ltr'>ignotus</span> <span class='ocrx_word' id='word_1_194' title='bbox 753 2056 783 2113; x_wconf 89' lang='lat' dir='ltr'>in</span> <span class='ocrx_word' id='word_1_195' title='bbox 792 2054 972 2134; x_wconf 80' lang='lat' dir='ltr'>particulari,</span> <span class='ocrx_word' id='word_1_196' title='bbox 986 2054 1038 2129; x_wconf 82' lang='lat' dir='ltr'>sed</span> <span class='ocrx_word' id='word_1_197' title='bbox 1048 2089 1063 2127; x_wconf 72' lang='lat'>,-</span> 
     </span>
     <span class='ocr_line' id='line_1_26' title="bbox 93 2120 1072 2217; baseline -0.003 -23"><span class='ocrx_word' id='word_1_198' title='bbox 93 2133 212 2205; x_wconf 88' lang='lat' dir='ltr'>sciatur,</span> <span class='ocrx_word' id='word_1_199' title='bbox 234 2132 313 2217; x_wconf 91' lang='lat' dir='ltr'>quod</span> <span class='ocrx_word' id='word_1_200' title='bbox 327 2155 376 2194; x_wconf 87' lang='lat' dir='ltr'>res</span> <span class='ocrx_word' id='word_1_201' title='bbox 385 2134 530 2194; x_wconf 87' lang='lat' dir='ltr'>debeatur</span> <span class='ocrx_word' id='word_1_202' title='bbox 539 2134 591 2192; x_wconf 93' lang='lat' dir='ltr'>uni</span> <span class='ocrx_word' id='word_1_203' title='bbox 602 2154 641 2193; x_wconf 88' lang='lat' dir='ltr'>ex</span> <span class='ocrx_word' id='word_1_204' title='bbox 654 2131 769 2194; x_wconf 87' lang='lat' dir='ltr'>duobus</span> <span class='ocrx_word' id='word_1_205' title='bbox 779 2134 826 2193; x_wconf 85' lang='lat' dir='ltr'>vel</span> <span class='ocrx_word' id='word_1_206' title='bbox 835 2132 989 2213; x_wconf 87' lang='lat' dir='ltr'>pluribns;</span> <span class='ocrx_word' id='word_1_207' title='bbox 1007 2120 1072 2217; x_wconf 49' lang='lat' dir='ltr'>lsiJ&#39;</span> 
     </span>
     <span class='ocr_line' id='line_1_27' title="bbox 91 2212 1050 2293; baseline -0.001 -20"><span class='ocrx_word' id='word_1_208' title='bbox 91 2213 180 2284; x_wconf 90' lang='lat' dir='ltr'>enim,</span> <span class='ocrx_word' id='word_1_209' title='bbox 200 2233 256 2293; x_wconf 91' lang='lat' dir='ltr'>pro</span> <span class='ocrx_word' id='word_1_210' title='bbox 270 2224 336 2274; x_wconf 86' lang='lat' dir='ltr'>rata</span> <span class='ocrx_word' id='word_1_211' title='bbox 350 2212 442 2285; x_wconf 89' lang='lat' dir='ltr'>dubii,</span> <span class='ocrx_word' id='word_1_212' title='bbox 462 2223 525 2273; x_wconf 84' lang='lat' dir='ltr'>rem</span> <span class='ocrx_word' id='word_1_213' title='bbox 540 2212 675 2290; x_wconf 71' lang='lat' dir='ltr'>dividere</span> <span class='ocrx_word' id='word_1_214' title='bbox 687 2223 813 2292; x_wconf 86' lang='lat' dir='ltr'>possunt</span> <span class='ocrx_word' id='word_1_215' title='bbox 827 2233 860 2273; x_wconf 84' lang='lat' dir='ltr'>ac</span> <span class='ocrx_word' id='word_1_216' title='bbox 871 2212 989 2273; x_wconf 84' lang='lat' dir='ltr'>debent.</span> <span class='ocrx_word' id='word_1_217' title='bbox 1039 2254 1050 2275; x_wconf 83' lang='grc'>..</span> 
     </span>
    </p>

    <p class='ocr_par' dir='ltr' id='par_1_6' title="bbox 78 2291 1077 3085">
     <span class='ocr_line' id='line_1_28' title="bbox 132 2291 1054 2372; baseline 0 -21"><span class='ocrx_word' id='word_1_218' title='bbox 132 2292 199 2351; x_wconf 90' lang='lat' dir='ltr'>Nec</span> <span class='ocrx_word' id='word_1_219' title='bbox 213 2296 261 2352; x_wconf 88' lang='grc'>30.</span> <span class='ocrx_word' id='word_1_220' title='bbox 275 2293 300 2352; x_wconf 90' lang='lat' dir='ltr'>si</span> <span class='ocrx_word' id='word_1_221' title='bbox 312 2293 451 2352; x_wconf 85' lang='lat' dir='ltr'>damnum</span> <span class='ocrx_word' id='word_1_222' title='bbox 465 2291 636 2352; x_wconf 86' lang='lat' dir='ltr'>immediate</span> <span class='ocrx_word' id='word_1_223' title='bbox 649 2292 764 2352; x_wconf 90' lang='lat' dir='ltr'>illatum</span> <span class='ocrx_word' id='word_1_224' title='bbox 775 2293 815 2352; x_wconf 88' lang='lat' dir='ltr'>sit</span> <span class='ocrx_word' id='word_1_225' title='bbox 826 2292 962 2372; x_wconf 85' lang='lat' dir='ltr'>pluribus</span> <span class='ocrx_word' id='word_1_226' title='bbox 991 2310 1054 2351; x_wconf 87' lang='lat' dir='ltr'>ar··</span> 
     </span>
     <span class='ocr_line' id='line_1_29' title="bbox 88 2312 1057 2452; baseline -0.001 -21"><span class='ocrx_word' id='word_1_227' title='bbox 88 2370 262 2431; x_wconf 87' lang='lat' dir='ltr'>ticularibus</span> <span class='ocrx_word' id='word_1_228' title='bbox 272 2372 395 2452; x_wconf 86' lang='lat' dir='ltr'>alicujus</span> <span class='ocrx_word' id='word_1_229' title='bbox 406 2371 635 2442; x_wconf 86' lang='lat' dir='ltr'>communitatis,</span> <span class='ocrx_word' id='word_1_230' title='bbox 645 2391 676 2430; x_wconf 80' lang='lat' dir='ltr'>v.</span> <span class='ocrx_word' id='word_1_231' title='bbox 689 2391 719 2450; x_wconf 81' lang='lat' dir='ltr'>g.</span> <span class='ocrx_word' id='word_1_232' title='bbox 733 2372 869 2441; x_wconf 85' lang='lat' dir='ltr'>civitatis,</span> <span class='ocrx_word' id='word_1_233' title='bbox 880 2312 1038 2450; x_wconf 55' lang='lat' dir='ltr'>parociis,</span> <span class='ocrx_word' id='word_1_234' title='bbox 1055 2372 1057 2380; x_wconf 87' lang='grc'><strong>’</strong></span> 
     </span>
     <span class='ocr_line' id='line_1_30' title="bbox 86 2450 1039 2532; baseline 0.002 -22"><span class='ocrx_word' id='word_1_235' title='bbox 86 2453 140 2510; x_wconf 77' lang='lat' dir='ltr'>&amp;a</span> <span class='ocrx_word' id='word_1_236' title='bbox 153 2451 206 2510; x_wconf 88' lang='lat' dir='ltr'>sed</span> <span class='ocrx_word' id='word_1_237' title='bbox 217 2451 332 2523; x_wconf 87' lang='lat' dir='ltr'>iisdem,</span> <span class='ocrx_word' id='word_1_238' title='bbox 346 2460 488 2532; x_wconf 87' lang='lat' dir='ltr'>quantum</span> <span class='ocrx_word' id='word_1_239' title='bbox 497 2458 608 2530; x_wconf 88' lang='lat' dir='ltr'>potest,</span> <span class='ocrx_word' id='word_1_240' title='bbox 621 2451 772 2510; x_wconf 87' lang='lat' dir='ltr'>restitutio</span> <span class='ocrx_word' id='word_1_241' title='bbox 784 2451 849 2510; x_wconf 87' lang='lat' dir='ltr'>fieri</span> <span class='ocrx_word' id='word_1_242' title='bbox 864 2450 955 2511; x_wconf 88' lang='lat' dir='ltr'>debet</span> <span class='ocrx_word' id='word_1_243' title='bbox 966 2470 1039 2530; x_wconf 88' lang='lat' dir='ltr'>pro·</span> 
     </span>
     <span class='ocr_line' id='line_1_31' title="bbox 84 2529 1074 2611; baseline 0 -23"><span class='ocrx_word' id='word_1_244' title='bbox 84 2531 256 2608; x_wconf 86' lang='lat' dir='ltr'>portionate</span> <span class='ocrx_word' id='word_1_245' title='bbox 270 2530 308 2590; x_wconf 85' lang='lat' dir='ltr'>ad</span> <span class='ocrx_word' id='word_1_246' title='bbox 321 2530 470 2603; x_wconf 91' lang='lat' dir='ltr'>damnum,</span> <span class='ocrx_word' id='word_1_247' title='bbox 491 2529 570 2610; x_wconf 91' lang='lat' dir='ltr'>quod</span> <span class='ocrx_word' id='word_1_248' title='bbox 581 2530 705 2611; x_wconf 86' lang='lat' dir='ltr'>quisque</span> <span class='ocrx_word' id='word_1_249' title='bbox 717 2550 821 2609; x_wconf 90' lang='lat' dir='ltr'>passus</span> <span class='ocrx_word' id='word_1_250' title='bbox 832 2541 886 2590; x_wconf 88' lang='lat' dir='ltr'>est.</span> <span class='ocrx_word' id='word_1_251' title='bbox 1028 2602 1032 2607; x_wconf 18' lang='lat'><em>⁵</em></span> <span class='ocrx_word' id='word_1_252' title='bbox 1063 2551 1074 2555; x_wconf 91' lang='lat'>·</span> 
     </span>
     <span class='ocr_line' id='line_1_32' title="bbox 88 2609 1041 2688; baseline 0.002 -19"><span class='ocrx_word' id='word_1_253' title='bbox 88 2678 102 2686; x_wconf 25' lang='grc' dir='ltr'>,Ι</span> <span class='ocrx_word' id='word_1_254' title='bbox 125 2612 175 2669; x_wconf 75' lang='lat'>4⁰.</span> <span class='ocrx_word' id='word_1_255' title='bbox 208 2611 274 2670; x_wconf 90' lang='lat' dir='ltr'>Nee</span> <span class='ocrx_word' id='word_1_256' title='bbox 301 2609 439 2670; x_wconf 91' lang='lat' dir='ltr'>dominus</span> <span class='ocrx_word' id='word_1_257' title='bbox 466 2618 603 2669; x_wconf 88' lang='lat' dir='ltr'>censetur</span> <span class='ocrx_word' id='word_1_258' title='bbox 629 2609 759 2688; x_wconf 75' lang='lat' dir='ltr'>ignotus,</span> <span class='ocrx_word' id='word_1_259' title='bbox 793 2610 819 2668; x_wconf 88' lang='lat' dir='ltr'>si</span> <span class='ocrx_word' id='word_1_260' title='bbox 845 2621 1041 2683; x_wconf 76' lang='lat' dir='ltr'>mercatores,</span> 
     </span>
     <span class='ocr_line' id='line_1_33' title="bbox 78 2688 1042 2769; baseline 0.003 -22"><span class='ocrx_word' id='word_1_261' title='bbox 78 2701 244 2767; x_wconf 62' lang='lat' dir='ltr'>,caupones</span> <span class='ocrx_word' id='word_1_262' title='bbox 264 2689 393 2769; x_wconf 86' lang='lat' dir='ltr'>pistores</span> <span class='ocrx_word' id='word_1_263' title='bbox 407 2699 438 2748; x_wconf 93' lang='lat' dir='ltr'>et</span> <span class='ocrx_word' id='word_1_264' title='bbox 449 2688 559 2749; x_wconf 86' lang='lat' dir='ltr'>similer</span> <span class='ocrx_word' id='word_1_265' title='bbox 572 2689 740 2768; x_wconf 88' lang='lat' dir='ltr'>promiscue</span> <span class='ocrx_word' id='word_1_266' title='bbox 754 2688 996 2748; x_wconf 82' lang='lat' dir='ltr'>defraudaverint</span> <span class='ocrx_word' id='word_1_267' title='bbox 1005 2691 1042 2751; x_wconf 86' lang='lat' dir='ltr'>in</span> 
     </span>
     <span class='ocr_line' id='line_1_34' title="bbox 85 2768 1077 2862; baseline 0.003 -35"><span class='ocrx_word' id='word_1_268' title='bbox 85 2768 220 2862; x_wconf 88' lang='lat' dir='ltr'>pondere</span> <span class='ocrx_word' id='word_1_269' title='bbox 242 2770 289 2827; x_wconf 86' lang='lat' dir='ltr'>vel</span> <span class='ocrx_word' id='word_1_270' title='bbox 308 2786 455 2838; x_wconf 86' lang='lat' dir='ltr'>mensura,</span> <span class='ocrx_word' id='word_1_271' title='bbox 476 2778 528 2828; x_wconf 87' lang='lat' dir='ltr'>aut</span> <span class='ocrx_word' id='word_1_272' title='bbox 548 2787 604 2847; x_wconf 90' lang='lat' dir='ltr'>per</span> <span class='ocrx_word' id='word_1_273' title='bbox 623 2768 793 2848; x_wconf 85' lang='lat' dir='ltr'>monopolis</span> <span class='ocrx_word' id='word_1_274' title='bbox 815 2768 912 2846; x_wconf 88' lang='lat' dir='ltr'>pretia</span> <span class='ocrx_word' id='word_1_275' title='bbox 934 2786 1077 2830; x_wconf 71' lang='lat' dir='ltr'>rerumt</span> 
     </span>
     <span class='ocr_line' id='line_1_35' title="bbox 88 2833 1041 2928; baseline 0 -22"><span class='ocrx_word' id='word_1_276' title='bbox 88 2845 201 2927; x_wconf 77' lang='lat' dir='ltr'>injuste</span> <span class='ocrx_word' id='word_1_277' title='bbox 214 2849 361 2919; x_wconf 86' lang='lat' dir='ltr'>auxerint,</span> <span class='ocrx_word' id='word_1_278' title='bbox 384 2847 436 2907; x_wconf 86' lang='lat' dir='ltr'>sed</span> <span class='ocrx_word' id='word_1_279' title='bbox 450 2833 568 2916; x_wconf 67' lang='lat' dir='ltr'>debent,</span> <span class='ocrx_word' id='word_1_280' title='bbox 582 2847 756 2928; x_wconf 90' lang='lat' dir='ltr'>inquantum</span> <span class='ocrx_word' id='word_1_281' title='bbox 769 2857 894 2927; x_wconf 87' lang='lat' dir='ltr'>possunt</span> <span class='ocrx_word' id='word_1_282' title='bbox 908 2848 943 2905; x_wconf 93' lang='lat' dir='ltr'>iis</span> <span class='ocrx_word' id='word_1_283' title='bbox 963 2848 1041 2927; x_wconf 79' lang='lat' dir='ltr'>ipsis</span> 
     </span>
     <span class='ocr_line' id='line_1_36' title="bbox 87 2922 1045 3006; baseline 0.001 -19"><span class='ocrx_word' id='word_1_284' title='bbox 87 2927 234 2987; x_wconf 84' lang='lat' dir='ltr'>resarcire</span> <span class='ocrx_word' id='word_1_285' title='bbox 256 2926 372 2999; x_wconf 89' lang='lat' dir='ltr'>damna,</span> <span class='ocrx_word' id='word_1_286' title='bbox 392 2936 465 3006; x_wconf 90' lang='lat' dir='ltr'>puta</span> <span class='ocrx_word' id='word_1_287' title='bbox 478 2922 633 2986; x_wconf 88' lang='lat' dir='ltr'>vendendo</span> <span class='ocrx_word' id='word_1_288' title='bbox 644 2927 673 2985; x_wconf 91' lang='lat' dir='ltr'>in</span> <span class='ocrx_word' id='word_1_289' title='bbox 685 2937 836 3005; x_wconf 87' lang='lat' dir='ltr'>posterum</span> <span class='ocrx_word' id='word_1_290' title='bbox 850 2926 958 2986; x_wconf 89' lang='lat' dir='ltr'>minori</span> <span class='ocrx_word' id='word_1_291' title='bbox 967 2938 1045 3006; x_wconf 86' lang='lat' dir='ltr'>pro·¹</span> 
     </span>
     <span class='ocr_line' id='line_1_37' title="bbox 87 3005 1040 3085; baseline 0 -19"><span class='ocrx_word' id='word_1_292' title='bbox 87 3005 142 3078; x_wconf 87' lang='lat' dir='ltr'>tio,</span> <span class='ocrx_word' id='word_1_293' title='bbox 162 3005 269 3084; x_wconf 90' lang='lat' dir='ltr'>majori</span> <span class='ocrx_word' id='word_1_294' title='bbox 290 3005 432 3085; x_wconf 90' lang='lat' dir='ltr'>pondere,</span> <span class='ocrx_word' id='word_1_295' title='bbox 454 3008 506 3066; x_wconf 81' lang='lat' dir='ltr'>&amp;c</span> <span class='ocrx_word' id='word_1_296' title='bbox 518 3006 564 3065; x_wconf 90' lang='lat' dir='ltr'>uti</span> <span class='ocrx_word' id='word_1_297' title='bbox 577 3006 681 3065; x_wconf 89' lang='lat' dir='ltr'>melius</span> <span class='ocrx_word' id='word_1_298' title='bbox 695 3015 836 3085; x_wconf 89' lang='lat' dir='ltr'>poterunt</span> <span class='ocrx_word' id='word_1_299' title='bbox 859 3006 967 3066; x_wconf 86' lang='lat' dir='ltr'>damna</span> <span class='ocrx_word' id='word_1_300' title='bbox 990 3026 1040 3066; x_wconf 90' lang='lat' dir='ltr'>re·</span> 
     </span>
    </p>

    <p class='ocr_par' dir='ltr' id='par_1_7' title="bbox 81 3103 1080 3644">
     <span class='ocr_line' id='line_1_38' title="bbox 105 3105 201 3145; baseline -0.021 0"><span class='ocrx_word' id='word_1_301' title='bbox 105 3105 201 3145; x_wconf 88' lang='lat' dir='ltr'>arare.</span> 
     </span>
     <span class='ocr_line' id='line_1_39' title="bbox 84 3103 1040 3244; baseline 0.003 -21"><span class='ocrx_word' id='word_1_302' title='bbox 84 3103 106 3164; x_wconf 71' lang='lat' dir='ltr'>p</span> <span class='ocrx_word' id='word_1_303' title='bbox 126 3167 176 3224; x_wconf 85' lang='grc'><strong>50.</strong></span> <span class='ocrx_word' id='word_1_304' title='bbox 187 3165 254 3224; x_wconf 87' lang='lat' dir='ltr'>Nec</span> <span class='ocrx_word' id='word_1_305' title='bbox 264 3176 310 3226; x_wconf 89' lang='lat' dir='ltr'>est</span> <span class='ocrx_word' id='word_1_306' title='bbox 318 3166 437 3244; x_wconf 83' lang='lat' dir='ltr'>ignota</span> <span class='ocrx_word' id='word_1_307' title='bbox 446 3165 592 3236; x_wconf 89' lang='lat' dir='ltr'>dominns,</span> <span class='ocrx_word' id='word_1_308' title='bbox 601 3165 671 3224; x_wconf 90' lang='lat' dir='ltr'>sisit</span> <span class='ocrx_word' id='word_1_309' title='bbox 681 3165 845 3235; x_wconf 84' lang='lat' dir='ltr'>defunctus,</span> <span class='ocrx_word' id='word_1_310' title='bbox 857 3174 888 3224; x_wconf 92' lang='lat' dir='ltr'>et</span> <span class='ocrx_word' id='word_1_311' title='bbox 895 3176 1040 3226; x_wconf 84' lang='lat' dir='ltr'>noscatur</span> 
     </span>
     <span class='ocr_line' id='line_1_40' title="bbox 87 3242 1054 3323; baseline 0.002 -19"><span class='ocrx_word' id='word_1_312' title='bbox 87 3243 153 3323; x_wconf 90' lang='lat' dir='ltr'>ejus</span> <span class='ocrx_word' id='word_1_313' title='bbox 161 3245 271 3306; x_wconf 73' lang='lat' dir='ltr'>haerest</span> <span class='ocrx_word' id='word_1_314' title='bbox 291 3246 363 3306; x_wconf 90' lang='lat' dir='ltr'>item</span> <span class='ocrx_word' id='word_1_315' title='bbox 375 3245 400 3305; x_wconf 90' lang='lat' dir='ltr'>si</span> <span class='ocrx_word' id='word_1_316' title='bbox 411 3255 550 3305; x_wconf 86' lang='lat' dir='ltr'>noscatur</span> <span class='ocrx_word' id='word_1_317' title='bbox 558 3242 618 3314; x_wconf 90' lang='lat' dir='ltr'>ille,</span> <span class='ocrx_word' id='word_1_318' title='bbox 629 3245 677 3303; x_wconf 86' lang='lat' dir='ltr'>cui</span> <span class='ocrx_word' id='word_1_319' title='bbox 685 3245 763 3304; x_wconf 88' lang='lat' dir='ltr'>dona</span> <span class='ocrx_word' id='word_1_320' title='bbox 773 3244 884 3304; x_wconf 89' lang='lat' dir='ltr'>domini</span> <span class='ocrx_word' id='word_1_321' title='bbox 893 3244 1054 3306; x_wconf 80' lang='lat' dir='ltr'>obvenire.</span> 
     </span>
     <span class='ocr_line' id='line_1_41' title="bbox 86 3323 1080 3405; baseline -0.004 -21"><span class='ocrx_word' id='word_1_322' title='bbox 86 3324 198 3385; x_wconf 88' lang='lat' dir='ltr'>debent</span> <span class='ocrx_word' id='word_1_323' title='bbox 219 3324 290 3405; x_wconf 91' lang='lat' dir='ltr'>jure</span> <span class='ocrx_word' id='word_1_324' title='bbox 313 3326 522 3385; x_wconf 85' lang='lat' dir='ltr'>successionis:</span> <span class='ocrx_word' id='word_1_325' title='bbox 542 3326 572 3385; x_wconf 93' lang='lat' dir='ltr'>in</span> <span class='ocrx_word' id='word_1_326' title='bbox 586 3323 632 3383; x_wconf 88' lang='lat' dir='ltr'>his</span> <span class='ocrx_word' id='word_1_327' title='bbox 646 3323 760 3383; x_wconf 90' lang='lat' dir='ltr'>casibus</span> <span class='ocrx_word' id='word_1_328' title='bbox 775 3344 832 3383; x_wconf 94' lang='lat' dir='ltr'>non</span> <span class='ocrx_word' id='word_1_329' title='bbox 855 3332 901 3382; x_wconf 88' lang='lat' dir='ltr'>est</span> <span class='ocrx_word' id='word_1_330' title='bbox 919 3324 1038 3384; x_wconf 91' lang='lat' dir='ltr'>licitum</span> <span class='ocrx_word' id='word_1_331' title='bbox 1068 3376 1080 3383; x_wconf 73' lang='grc'>,</span> 
     </span>
     <span class='ocr_line' id='line_1_42' title="bbox 85 3402 1076 3484; baseline 0.003 -23"><span class='ocrx_word' id='word_1_332' title='bbox 85 3403 145 3463; x_wconf 86' lang='lat' dir='ltr'>ista</span> <span class='ocrx_word' id='word_1_333' title='bbox 158 3404 236 3465; x_wconf 85' lang='lat' dir='ltr'>bona</span> <span class='ocrx_word' id='word_1_334' title='bbox 248 3406 368 3464; x_wconf 90' lang='lat' dir='ltr'>tradere</span> <span class='ocrx_word' id='word_1_335' title='bbox 382 3404 438 3484; x_wconf 90' lang='lat' dir='ltr'>piis</span> <span class='ocrx_word' id='word_1_336' title='bbox 449 3403 554 3476; x_wconf 87' lang='lat' dir='ltr'>causis,</span> <span class='ocrx_word' id='word_1_337' title='bbox 575 3403 626 3462; x_wconf 88' lang='lat' dir='ltr'>sed</span> <span class='ocrx_word' id='word_1_338' title='bbox 640 3403 693 3474; x_wconf 91' lang='lat' dir='ltr'>illi,</span> <span class='ocrx_word' id='word_1_339' title='bbox 714 3403 761 3461; x_wconf 92' lang='lat' dir='ltr'>cui</span> <span class='ocrx_word' id='word_1_340' title='bbox 774 3413 879 3482; x_wconf 90' lang='lat' dir='ltr'>postea</span> <span class='ocrx_word' id='word_1_341' title='bbox 892 3402 1038 3464; x_wconf 89' lang='lat' dir='ltr'>advenire</span> <span class='ocrx_word' id='word_1_342' title='bbox 1074 3449 1076 3456; x_wconf 52' lang='grc'>,</span> 
     </span>
     <span class='ocr_line' id='line_1_43' title="bbox 84 3481 1037 3564; baseline 0 -22"><span class='ocrx_word' id='word_1_343' title='bbox 84 3481 245 3556; x_wconf 89' lang='lat' dir='ltr'>debebunt,</span> <span class='ocrx_word' id='word_1_344' title='bbox 260 3484 378 3564; x_wconf 75' lang='lat' dir='ltr'>sumpta</span> <span class='ocrx_word' id='word_1_345' title='bbox 391 3484 536 3554; x_wconf 86' lang='lat' dir='ltr'>cautione,</span> <span class='ocrx_word' id='word_1_346' title='bbox 556 3502 594 3542; x_wconf 87' lang='lat' dir='ltr'>ne</span> <span class='ocrx_word' id='word_1_347' title='bbox 614 3481 661 3541; x_wconf 86' lang='lat' dir='ltr'>bis</span> <span class='ocrx_word' id='word_1_348' title='bbox 675 3492 798 3561; x_wconf 84' lang='lat' dir='ltr'>cogatur</span> <span class='ocrx_word' id='word_1_349' title='bbox 819 3481 987 3555; x_wconf 84' lang='lat' dir='ltr'>restituere,</span> <span class='ocrx_word' id='word_1_350' title='bbox 1010 3484 1037 3542; x_wconf 89' lang='lat' dir='ltr'>si</span> 
     </span>
     <span class='ocr_line' id='line_1_44' title="bbox 81 3562 1070 3644; baseline -0.001 -22"><span class='ocrx_word' id='word_1_351' title='bbox 81 3562 163 3623; x_wconf 85' lang='lat' dir='ltr'>forte</span> <span class='ocrx_word' id='word_1_352' title='bbox 177 3565 313 3624; x_wconf 88' lang='lat' dir='ltr'>dominus</span> <span class='ocrx_word' id='word_1_353' title='bbox 323 3573 428 3644; x_wconf 83' lang='lat' dir='ltr'>postea</span> <span class='ocrx_word' id='word_1_354' title='bbox 441 3571 618 3642; x_wconf 82' lang='lat' dir='ltr'>compareat.</span> <span class='ocrx_word' id='word_1_355' title='bbox 1031 3595 1040 3607; x_wconf 54' lang='grc' dir='ltr'><em>ι</em></span> <span class='ocrx_word' id='word_1_356' title='bbox 1068 3618 1070 3621; x_wconf 79' lang='grc'>,</span> 
     </span>
    </p>

    <p class='ocr_par' dir='ltr' id='par_1_8' title="bbox 52 3640 1069 3806">
     <span class='ocr_line' id='line_1_45' title="bbox 120 3640 1069 3723; baseline 0.004 -19"><span class='ocrx_word' id='word_1_357' title='bbox 120 3642 172 3704; x_wconf 87' lang='lat' dir='ltr'>An</span> <span class='ocrx_word' id='word_1_358' title='bbox 181 3644 288 3704; x_wconf 86' lang='lat' dir='ltr'>sufficit</span> <span class='ocrx_word' id='word_1_359' title='bbox 295 3643 516 3708; x_wconf 83' lang='lat' dir='ltr'>restitutionem</span> <span class='ocrx_word' id='word_1_360' title='bbox 525 3644 625 3707; x_wconf 82' lang='lat' dir='ltr'>iacere</span> <span class='ocrx_word' id='word_1_361' title='bbox 633 3640 773 3706; x_wconf 85' lang='lat' dir='ltr'>creditori</span> <span class='ocrx_word' id='word_1_362' title='bbox 781 3642 883 3723; x_wconf 89' lang='lat' dir='ltr'>ipsius,</span> <span class='ocrx_word' id='word_1_363' title='bbox 893 3641 932 3704; x_wconf 86' lang='lat' dir='ltr'>ad</span> <span class='ocrx_word' id='word_1_364' title='bbox 942 3659 1044 3722; x_wconf 75' lang='lat' dir='ltr'>quent</span> <span class='ocrx_word' id='word_1_365' title='bbox 1060 3654 1069 3717; x_wconf 77' lang='lat' dir='ltr'>t</span> 
     </span>
     <span class='ocr_line' id='line_1_46' title="bbox 52 3724 602 3806; baseline 0.011 -25"><span class='ocrx_word' id='word_1_366' title='bbox 52 3724 293 3806; x_wconf 34' lang='lat' dir='ltr'>,respertineti</span> <span class='ocrx_word' id='word_1_367' title='bbox 555 3738 558 3746; x_wconf 86' lang='grc'><strong><em>·</em></strong></span> <span class='ocrx_word' id='word_1_368' title='bbox 595 3746 602 3757; x_wconf 90' lang='grc'>·</span> 
     </span>
    </p>
   </div>
   <div class='ocr_carea' id='block_1_2' title="bbox 0 0 1084 4034">
    <p class='ocr_par' dir='ltr' id='par_1_9' title="bbox 0 0 1084 4034">
     <span class='ocr_line' id='line_1_47' title="bbox 0 0 1084 4034; baseline 0 1"><span class='ocrx_word' id='word_1_369' title='bbox 0 0 1084 4034; x_wconf 95' lang='lat' dir='ltr'> </span> 
     </span>
    </p>
   </div>
  </div>
 </body>
</html>
