2160 4034
63 150 103 208 36
233 190 234 194 =
438 168 627 217 rasurarus

63 306 166 367 Ν.’23.
187 307 248 368 DE
262 307 558 383 AOQUIRENDO
580 308 778 370 DOMINIO
800 309 886 382 REI,
907 309 1012 386 QUAE

341 389 496 449 ΗΑΒΕΤ
516 387 745 450 DObllNUM.

64 510 89 569 1.
108 508 278 570 Domimrm
290 512 333 571 rai
344 509 445 570 alim
457 511 608 589 dupliciter
617 512 732 587 acquiri
739 520 839 587 potest.
871 511 925 574 «ΙΙ.
948 509 1012 573 Du·

101 592 179 648 mino
198 589 380 648 convolante.
422 589 482 648 111.
502 589 547 648 Et
564 589 691 649 Domino
713 591 825 648 volente.
867 589 924 649 lv.
943 589 1009 649 Hoc

92 689 171 729 coru
192 671 378 745 requeratur
400 670 468 729 duo.
508 669 548 731 V.
573 669 696 733 tuna.
736 669 794 730 Vi.
820 667 866 727 Et
886 671 1012 730 cauta

102 748 150 810 Vi
154 748 177 810 1.
197 747 333 826 Exceptis
344 748 464 809 mribus.

104 847 128 906 1.
150 845 377 921 QUOMODO
391 847 555 928 acquiritur
578 846 741 907 dominium
763 848 821 919 rei‚·
840 866 906 928 quae
920 845 1018 908 babet·

63 925 253 986 Dominum?

103 1006 142 1066 R.
164 1003 337 1065 Generatim
359 1004 390 1062 id
414 1004 574 1083 dupliciter
596 1005 661 1066 lieri
685 1016 794 1085 potest,
822 1005 935 1064 scilicet
963 1006 1010 1066 vel

61 1086 164 1164 priore
179 1083 311 1143 Domino
324 1084 453 1155 valente,
468 1084 515 1143 vei
529 1085 629 1163 priore
644 1086 775 1144 Domino
789 1104 849 1143 non
864 1085 993 1144 volente.

103 1162 262 1238 Quomodo
274 1163 451 1222 transfertur
465 1163 639 1235 dominium,
651 1165 784 1224 Domino
792 1184 850 1222 non
866 1163 1011 1224 volente?

103 1243 146 1303 ll.
166 1243 205 1303 R.
228 1243 380 1320 Praecipue
390 1243 436 1302 bis
450 1243 565 1302 modis:
589 1246 634 1302 1⁰.
654 1244 731 1306 Jure
741 1242 895 1322 gentium:
911 1244 1013 1303 sicres

58 1322 142 1401 justo
158 1321 236 1380 bello
257 1335 350 1400 captur
369 1322 445 1380 liunt
459 1323 611 1400 capientia.
645 1325 692 1382 20.
715 1323 870 1384 Sententiis
882 1322 1012 1392 Judicis,

63 1412 97 1460 ut
119 1402 143 1461 si
165 1401 216 1459 far
239 1401 453 1461 condemnetur
472 1403 509 1461 ad
533 1402 750 1462 restituendum
765 1402 887 1480 duplum
902 1401 1014 1460 damni.

62 1482 110 1539 30.
132 1481 327 1539 Antboritato
340 1480 425 1558 legis,
440 1481 503 1541 sire
516 1481 568 1540 fiat
583 1481 620 1540 ob
635 1481 760 1560 cuipam,
771 1501 799 1540 v.
809 1501 839 1560 g.
850 1481 888 1540 ob
897 1482 1012 1540 crimen

60 1561 138 1619 leaeo
152 1558 331 1637 majestatis,
356 1563 419 1619 sive
433 1561 496 1620 sine
516 1560 612 1639 culpis,
636 1572 670 1620 ut
684 1562 718 1620 iit
739 1581 794 1639 per
817 1560 1009 1631 alluvionem,

62 1641 275 1709 confusionem,
284 1640 625 1711 commixtionem,&c.&
635 1641 781 1719 proecipub
795 1641 1014 1720 perpraescrip-

62 1719 174 1783 tionem
189 1719 449 1796 assumptorem,
470 1718 628 1801 dequibus
642 1719 734 1778 Num.
748 1719 892 1801 sequenti.

102 1797 262 1872 Quomodo
276 1797 440 1880 acquiritur
450 1799 624 1868 dominium,
640 1799 771 1858 Domino
784 1798 930 1858 volente?

103 1878 163 1937 ΙΙΙ.
184 1878 223 1937 R.
243 1878 320 1940 Jure
333 1888 449 1936 natur·
473 1878 582 1936 sufficit
602 1888 723 1937 mutuus
747 1897 907 1938 consensus
922 1878 1011 1957 signo

60 1967 187 2016 externo
210 1975 386 2034 expressus:
407 1956 511 2017 renim
533 1955 604 2035 juro
630 1957 760 2035 positivo
788 1958 934 2027 Romano,
962 1957 1013 2014 cui

63 2036 208 2114 accedunt
222 2036 398 2114 Principum
414 2048 584 2096 nostrorum
607 2035 736 2108 decreta,
761 2036 927 2095 necessaria
941 2045 1013 2095 aunt

61 2115 124 2175 bac
148 2116 217 2186 (luo,
238 2115 343 2174 titulus
362 2117 389 2173 a
406 2115 538 2176 traditio.
579 2114 706 2195 Insuper
719 2116 801 2175 nulia
813 2114 1011 2174 immobilium

62 2194 202 2254 alienatio
216 2194 348 2252 moribus
361 2197 471 2254 nostris
484 2195 570 2254 firma
583 2207 638 2267 est,
652 2196 710 2254 nisi
723 2195 776 2255 liat
789 2214 888 2255 coram
899 2194 921 2256 J
924 2193 1010 2252 udice

61 2284 114 2333 aut
128 2274 318 2352 Magistrum,
340 2284 375 2333 nt
388 2275 499 2333 dictum
513 2285 560 2335 est
570 2294 650 2334 num.
668 2277 697 2334 7.
710 2276 813 2355 paucis
826 2273 943 2334 casibus
956 2293 1009 2333 ex·

61 2354 156 2432 ceptis
170 2353 271 2412 statim
285 2354 480 2432 assignandis.

102 2432 204 2507 Quare
215 2433 274 2491 ista
283 2431 342 2491 dno
356 2434 501 2511 requisita
512 2432 660 2494 luerunt?

102 2512 159 2572 lv.
180 2512 218 2571 R.
240 2511 284 2571 Ut
298 2512 340 2569 sic
354 2512 449 2590 magis
471 2513 636 2574 evitaretur
648 2512 829 2584 incertitudo
843 2511 969 2571 dominii
983 2512 1018 2569 a

62 2591 223 2650 multitudo
235 2589 344 2650 litium.

103 2669 185 2745 Quid
201 2668 379 2748 intelligitur
392 2671 511 2730 nomine
526 2671 635 2732 tituli?

100 2750 140 2811 V.
161 2751 200 2810 R.
221 2749 323 2820 Ratio,
333 2751 366 2845 l'!
382 2769 441 2829 qua
449 2750 593 2844 fundatur
600 2752 652 2832 jur
662 2749 834 2830 acquirendi
848 2748 904 2809 sibi
916 2748 1011 2808 domi·

61 2829 622 2988 n¹'liiiinilatgrirvidlldirioliiirlddiii’jiiie
634 2869 761 2970 naturali
776 2908 920 2986 gentium,
934 2906 1010 2985 legi·

61 2988 137 3046 timo
152 2999 314 3057 contractu,
328 2989 510 3047 authoritate
523 2987 608 3068 legis,
636 2990 663 3046 a
677 2988 824 3048 sententib
832 2986 952 3063 judicis.

103 3066 184 3140 Quid
200 3075 245 3125 est
265 3067 417 3127 traditio?

102 3146 158 3206 Vl.
180 3146 218 3205 R.
239 3147 402 3218 testaceus,
424 3146 564 3225 quotquis
587 3146 718 3205 mittitur
742 3146 772 3204 in
792 3144 1011 3224 possessionem

66 3225 111 3284 rei
126 3235 215 3284 antea
228 3245 286 3284 non
302 3245 371 3284 suae.
412 3227 484 3287 Alia
497 3237 543 3286 est
556 3225 654 3296 realia,
682 3225 742 3304 qud
755 3245 803 3285 res
816 3225 881 3302 ipsa
893 3222 1019 3282 realiter

62 3305 159 3374 datur,
186 3324 216 3362 v.
228 3325 257 3381 g.
272 3305 301 3362 in
317 3325 439 3366 mantus:
454 3306 512 3364 alia
534 3305 603 3364 ficta
625 3324 676 3364 seu
701 3304 805 3375 civilia,
829 3323 895 3382 qaae
909 3303 943 3361 iit
957 3323 1014 3380 per

63 3386 301 3452 instrumentum,
317 3396 350 3442 ut
361 3405 414 3462 per
425 3386 615 3444 traditionem
628 3383 763 3456 clavium,
772 3394 823 3442 aut
833 3403 888 3462 per
898 3382 1014 3460 aliquid

63 3463 153 3534 aliud,
168 3462 248 3541 quod
262 3463 312 3521 iex
326 3465 373 3521 vei
384 3464 567 3523 consuetudo
582 3464 696 3523 statuit.

104 3542 137 3601 ln
154 3541 329 3621 quibusnam
343 3544 458 3601 casibus
479 3544 585 3602 sufficit
598 3541 703 3602 titulus
718 3542 781 3602 aine
801 3539 963 3601 traditione
974 3540 1014 3599 ad

63 3622 274 3701 acquirendum
288 3622 460 3693 dominium,
475 3634 527 3682 aut
536 3623 626 3701 jusin
636 3625 692 3684 re?

104 3702 143 3761 R.
164 3701 241 3763 Jure
255 3701 335 3759 cirili
349 3712 520 3761 statuuntur
534 3703 564 3760 hi
586 3721 670 3762 casus
686 3723 694 3761 e
