2160 4034
344 121 389 163 ns
407 119 489 163 rose
508 120 725 177 sronsrrrm.
968 104 1005 162 ol

15 218 56 274 ini
103 225 126 283 1.
144 223 184 284 R.
204 224 315 285 Potest
333 222 648 301 dedocere'expensas
674 222 855 281 necessarias
874 224 901 281 ts
920 223 1010 283 utiles

20 305 54 355 tt'
73 304 151 363 trus
177 304 210 361 in
239 304 285 362 rei
312 304 547 373 conservatione,
575 303 781 361 melioratione
807 304 833 360 8ι
855 302 1011 362 fructibus.

15 397 29 433 0
42 384 49 393 ⁸
69 383 136 443 Non
147 394 181 442 ut
191 383 333 443 diciturl.
344 386 374 441 t.
392 382 503 442 codicis
512 394 535 440 t.
546 385 595 440 51.
605 383 672 459 lege
687 385 712 440 1.
752 392 771 419 ‘⁶
784 382 1009 441 Hocl'ructuom

14 479 32 549 [r
68 472 82 501 ⁸
92 464 213 521 nomine
227 464 405 531 continetur,
431 462 510 540 qood
522 461 613 539 justis
627 460 793 538 sumptibus
808 461 945 521 dedoctis
963 483 1011 521 su-

62 552 81 581 ‘¹
91 542 222 619 pereat.”
261 541 382 601 Deinde
394 540 463 600 edm
477 541 535 599 illa
545 561 683 619 expensas
698 541 775 599 bonis
784 540 843 599 fide
854 542 897 599 rei
908 542 1013 600 alienae

59 621 255 699 applicentur,
277 621 459 680 intervenire
477 632 615 679 censetor
628 629 797 678 contractos
817 620 936 697 quidam
957 622 1013 678 im-

14 704 19 757 l
38 753 42 761 ,
58 701 187 779 plicitus,
213 701 242 759 vi
264 700 348 779 enjus
368 702 554 777 possessore
570 700 690 758 domino
709 699 875 757 comittitur
888 699 926 759 ad
947 699 1013 759 illes

59 780 379 857 expensassaciendes:
396 778 515 838 tandem
526 778 734 859 quiaalioquin
743 778 1013 839 dominushaberet

43 858 135 937 -plus,
150 861 241 937 quam
256 859 365 918 habere
379 858 479 927 debet,
494 860 520 916 8s
535 858 694 918 ditesceret
708 877 746 916 ex
757 856 864 916 alieno.

14 948 19 955 '
96 938 192 1007 Nota,
209 938 292 1017 qodd
312 938 431 999 nomine
452 957 649 1015 expensarum
664 937 712 995 hlc
725 936 815 994 etiam
829 937 951 995 veniant
969 938 1014 994 in·

14 1046 16 1053 ·
63 1016 177 1077 dustria
190 1019 325 1087 delabor,
339 1016 447 1096 quibus
460 1016 545 1074 bonas
558 1016 627 1075 fidei
642 1034 795 1095 possessor
808 1014 896 1075 rebus
910 1017 1014 1075 alienis

63 1096 143 1157 stilis
157 1097 234 1156 luit:
255 1096 334 1157 unde
349 1117 403 1175 pro
416 1096 476 1154 illis
489 1096 636 1155 deducere
651 1105 759 1175 potest,
779 1095 955 1173 inquunttlm
968 1096 1015 1154 vir

14 1188 16 1193 '
65 1176 195 1255 proderm
204 1176 386 1255 judiosrerit
399 1195 454 1254 pro
467 1174 526 1234 illis
540 1173 652 1235 deberi.
973 1184 978 1197 “

102 1256 185 1329 Quid
201 1256 239 1316 de
253 1254 391 1335 expensis
403 1254 622 1333 voluptuariis?

14 1360 21 1377 ν
105 1335 145 1393 ΙΙ.
158 1336 201 1396 R.
215 1337 336 1397 Justum
347 1334 473 1404 videtur,
485 1347 519 1393 nt
527 1335 664 1393 dominus
672 1334 828 1411 permittat
836 1334 1016 1405 easauferri,

14 1468 16 1475 .
70 1414 214 1475 dauferri
228 1414 344 1493 possint
357 1414 420 1473 sind
430 1413 663 1473 deterioratione
674 1415 766 1492 ipsios
781 1416 825 1473 rei
840 1414 887 1471 vel
901 1413 996 1473 fundi.

14 1544 26 1556 ..
106 1494 254 1553 Stantem
268 1497 287 1555 d
300 1514 333 1554 re
346 1492 477 1572 soporari
491 1503 650 1571 nequeunt,
668 1503 769 1570 potest
783 1492 848 1551 illes
862 1492 1019 1561 deducere,

13 1582 35 1633 .'
75 1572 98 1713 :il
114 1576 139 1631 te
161 1573 340 1653 inquantum
359 1572 453 1653 ipsius
472 1573 517 1632 rei
534 1572 692 1632 aetimatio
709 1591 764 1651 per
782 1572 835 1632 has
855 1584 943 1631 aucta
961 1584 1017 1643 est,

98 1654 225 1712 iisnon.

13 1758 30 1795 n
79 1740 83 1747 '
108 1732 167 1791 lll.
190 1732 278 1792 Circo
292 1732 499 1792 deductionem
513 1750 711 1811 expensarum
722 1729 849 1790 ulterids
860 1729 1019 1789 observan-

79 1810 189 1871 dssunt
202 1832 245 1871 ex
259 1812 356 1872 Collet
367 1823 397 1870 et
411 1813 494 1871 aliis:
935 1862 939 1869 .

13 1898 53 1951 ε’
107 1894 151 1949 1⁰.
174 1890 248 1950 Non
261 1903 362 1970 potest
376 1892 441 1969 plus
455 1890 571 1960 deduci,
593 1890 680 1967 quam
700 1908 838 1967 expensa
851 1888 946 1957 factae,
968 1899 1019 1947 aut

13 1995 31 2033 n
78 1966 147 2031 lter
161 1976 188 2029 dr
203 1970 351 2029 industria
364 1971 537 2039 estimetur,
551 1971 669 2028 tametsi
685 1975 728 2027 rei
742 1968 910 2028 melioratio
925 1967 1019 2045 pluris

78 2051 190 2116 nleret;
207 2050 280 2129 quia
289 2050 384 2109 omnis
393 2050 560 2109 melioratio
569 2048 613 2107 rei
622 2048 752 2126 pertinet
760 2047 798 2107 od
807 2047 956 2106 dominum
968 2049 1022 2106 rei.

77 2128 148 2207 lege
168 2129 206 2187 ln
222 2146 330 2187 nonno
345 2129 452 2208 digest.
473 2138 492 2166 “
501 2128 539 2187 de
550 2130 592 2187 rei
606 2127 819 2187 vindicatione’'
834 2124 886 2185 lib.
896 2130 924 2184 3.
935 2129 981 2185 tit.
996 2129 1020 2184 l.

102 2212 151 2267 2⁰.
169 2209 202 2268 Si
215 2228 354 2287 expensae
363 2220 504 2286 superent
514 2207 644 2266 valorem
651 2206 874 2273 meliorationis,
885 2206 1022 2264 dominus

13 2292 16 2309 '
41 2286 49 2342 .'
69 2288 107 2345 sei
127 2308 192 2346 non
214 2300 336 2347 tenetur
349 2288 460 2365 aliquid
475 2307 529 2366 pro
544 2288 599 2345 hoe
618 2305 740 2345 excessu
757 2285 932 2352 refundere;
952 2287 1022 2363 quin

68 2380 192 2425 eatenus
207 2386 363 2445 possessor
375 2387 433 2426 non
449 2369 512 2446 egit
526 2386 588 2425 rem
599 2364 712 2424 domini
726 2364 849 2435 utiliter,
870 2386 924 2423 noc
944 2385 1023 2422 com·

65 2448 257 2506 misssionem
272 2446 309 2505 od
320 2446 394 2506 telos
403 2467 441 2505 ex
463 2465 548 2505 eosne
562 2444 699 2503 habuisse
713 2456 867 2513 censetor,
888 2444 965 2501 idem
977 2454 1024 2502 est

66 2526 102 2585 de
116 2527 268 2604 expensis
282 2466 494 2585 excedentiius
508 2523 640 2583 valorem
654 2525 814 2581 fructuum.

12 2617 25 2651 ⁵
102 2608 156 2663 3⁰.
179 2606 215 2665 Si
239 2604 375 2664 dominus
395 2604 502 2664 minori
517 2604 624 2682 pretio,
645 2622 673 2660 v.
687 2622 716 2679 g.
730 2604 779 2671 50,
799 2600 919 2659 fecisset
943 2600 1023 2659 illam

63 2684 318 2751 meliorationem,
332 2684 469 2765 adquam
481 2682 652 2759 impendisti
663 2683 711 2751 80,
723 2701 781 2739 non
797 2691 915 2739 tenetur
929 2682 1025 2739 donsi-

66 2785 121 2823 nns
145 2764 209 2823 nisi
233 2764 272 2822 ad
294 2764 350 2833 50;
370 2764 441 2841 quia
454 2762 572 2839 longitls
586 2782 645 2821 non
660 2770 796 2819 censetur
815 2778 846 2817 se
861 2759 1026 2821 extendere

68 2844 118 2901 illa
132 2846 231 2903 tacita
244 2842 413 2901 commissio
428 2842 549 2900 domini.

106 2926 156 2982 40.
180 2921 217 2983 Si
229 2922 312 2981 bonae
324 2920 394 2981 fidei
405 2940 558 3000 possessor
568 2939 606 2978 ex
619 2939 653 2977 re
666 2916 822 2976 meliorata
835 2917 949 2977 fructus
959 2938 1027 2996 per·

12 3034 18 3056 ι
71 3004 196 3079 ceperit,
213 3001 303 3061 debet
317 3002 384 3060 illos
398 3012 570 3080 computare
585 3000 615 3057 in
629 2997 900 3075 compensationem
915 3018 1027 3076 expen-

73 3100 181 3140 sarum.
234 3132 239 3142 .

12 3180 21 3217 ·.
108 3164 158 3220 5⁰.
180 3160 254 3219 Lib.
264 3162 292 3218 5.
303 3158 410 3237 digest.
421 3158 468 3217 tit.
479 3161 506 3215 3.
516 3158 583 3235 lege
594 3159 633 3214 37
643 3161 668 3215 s
679 3157 727 3213 38.
737 3154 918 3225 conceditur,
933 3166 967 3213 ut
975 3154 1027 3214 bo·

74 3260 115 3298 nas
124 3240 200 3299 fldei
215 3258 370 3317 possessor
381 3239 460 3298 omni
475 3238 563 3296 modo
579 3255 723 3314 expensas
736 3234 873 3305 deducat,
886 3235 956 3292 licet
970 3253 1027 3304 res,

12 3342 30 3377 :-
76 3320 127 3377 lsoc
140 3331 192 3379 est
207 3319 384 3389 melioratio,
406 3339 463 3376 non
480 3327 595 3375 exstet:
616 3315 700 3373 sectis
715 3314 752 3372 de
760 3334 930 3392 possessore
944 3312 1028 3370 malso

12 3403 36 3460 i.
76 3400 150 3468 fidei,
163 3400 218 3479 qui
230 3420 290 3457 non
302 3397 674 3474 aliterdeducitexpensas,
684 3396 771 3472 quim
784 3394 808 3452 si
818 3391 1029 3451 rosmeliorsit.

12 3504 38 3542 s·
113 3480 222 3538 Dices:
238 3478 388 3559 quomodo
397 3488 476 3535 stant
485 3476 581 3546 simul,
591 3476 670 3555 qodd
682 3476 710 3531 in
721 3473 849 3532 secundo
859 3491 926 3528 casu
937 3473 1031 3548 possit

81 3559 192 3618 tuntism
208 3557 358 3615 deducere
367 3556 456 3635 juxta
467 3555 597 3614 valorem
608 3552 831 3619 meliorationis,
846 3552 871 3607 &
885 3550 913 3606 in
927 3552 1031 3627 quinto

84 3661 145 3699 osso
158 3638 259 3718 possit
272 3636 419 3699 deducere
433 3636 555 3715 aliquid,
570 3636 637 3695 licto
651 3630 818 3694 melioratio
833 3628 981 3706 perierit?
