2182 4036
71 143 131 203 228
356 196 359 201 .
441 214 443 219 η
471 156 659 203 emesenus

66 310 72 321 .
112 258 313 319 Confirmatun
333 259 489 338 responsio
509 276 549 319 ex
568 259 816 321 condemnatione
839 258 1010 355 sequentia.

73 338 312 419 propositionum
334 347 388 418 per
413 338 619 400 Innocentium
635 338 694 398 XI.
714 347 734 377 “
746 338 1003 418 Regnanoeroet

73 428 93 458 “
107 418 179 479 dere
192 437 314 497 possum
323 419 422 479 furem
431 439 487 498 pro
500 419 727 480 conservatione
736 418 824 479 unius
833 419 943 481 amei.”
965 418 1005 481 nr

69 498 229 578 trigesima
242 498 348 577 prima.

115 587 136 618 “
148 578 219 643 Non
234 577 332 638 solum
344 588 391 638 est
403 577 518 638 licitum
532 577 694 639 defendere
706 578 884 639 defensione
896 576 1007 653 occidue

77 666 99 779 ἶῖ
112 667 259 809 ttttft
275 657 1008 818 ‘'ttlzt‘tstltt'ttlptttltlmltt

257 779 266 808 ‚
838 780 847 797 .

76 818 191 897 gesimo
204 817 342 877 secunda.

120 906 140 939 “
155 898 287 959 Licitnm
307 906 355 957 est
367 906 428 957 tam
450 895 571 968 heredi,
591 917 681 979 qnam
692 897 850 976 legatario,
875 896 1008 976 contrsir·

66 987 102 1033 .“
111 975 195 1056 juste
208 976 430 1057 impedientem,
440 997 479 1037 ne
493 976 542 1037 vel
555 977 713 1039 heredites
727 977 862 1048 adeatur,
877 977 924 1037 vel
935 978 960 1036 le

82 1066 102 1099 “
117 1056 280 1129 solvuntur,
305 1077 338 1117 se
350 1057 452 1117 taliter
466 1055 644 1126 defendere;
668 1059 745 1116 sient
759 1067 791 1118 et
799 1056 852 1136 jus
866 1056 977 1117 babenti
998 1118 1003 1133 ἶ

83 1144 104 1177 “
117 1136 289 1197 cathedram
298 1136 354 1196 ¹vel
379 1135 568 1214 praebendam
582 1146 687 1197 eontra
700 1156 804 1196 eorum
819 1137 948 1215 possessi

82 1225 103 1258 “
116 1216 228 1296 injustb
241 1215 481 1295 impedientem.”
520 1216 579 1275 Est
588 1217 744 1297 trigesima
756 1219 858 1276 tertia.

123 1296 197 1376 Obj.
211 1297 236 1357 I.
258 1297 329 1375 Cep.
345 1296 580 1357 lurnnrscrssr.
593 1295 682 1355 lib.5.
696 1296 821 1356 Decret.
833 1297 882 1355 tit
905 1297 948 1355 ln
977 1292 1001 1308 ''

80 1387 151 1437 turs
174 1375 206 1437 si
227 1377 292 1436 sine
305 1375 367 1436 odii
379 1375 575 1436 meditatione
592 1386 624 1436 te
637 1386 748 1458 tuaque
766 1374 923 1436 liberando
935 1372 979 1453 bnj

80 1454 163 1515 modi
177 1453 287 1515 diaboli
308 1454 442 1515 membra
462 1455 637 1515 interfecisti
643 1500 716 1518 ......
721 1456 753 1516 Si
767 1456 882 1538 aliquid
900 1453 943 1534 jej

80 1534 338 1606 voluerinbonum
348 1543 396 1595 est
406 1533 471 1604 tibi,
480 1544 512 1594 et
521 1534 740 1615 eleemosynam
750 1535 798 1595 feo
808 1536 948 1615 largiters
1002 1602 1005 1607 ,

80 1613 153 1675 licet
167 1614 302 1676 occidere
312 1616 351 1676 ob
365 1613 443 1673 bona
456 1614 642 1693 temporalia.

111 1696 163 1760 ,R-
188 1695 270 1776 Neg.
297 1715 417 1775 conseq.
444 1694 515 1774 quia
543 1694 634 1755 verba
653 1703 713 1754 “te
734 1705 846 1773 tueque
867 1692 1003 1755 liberando

84 1772 965 1854 summinondebentdisjunetivb,sedcopulative,utrerbs

86 1873 119 1916 se
138 1856 259 1915 suunt:
290 1855 370 1916 unde
382 1873 442 1913 non
456 1864 504 1914 est
516 1855 558 1914 ibi
573 1874 671 1915 sermo
686 1855 723 1914 de
736 1855 876 1914 invasore
892 1853 949 1913 bon

87 1933 297 2013 temporalium
311 1934 438 2011 tantum,
452 1934 505 1993 sed
519 1934 608 1994 etiem
623 1936 702 1993 vitre.

126 2013 179 2072 Ad
203 2032 266 2091 cap.
295 2013 384 2073 Omns
405 2023 423 2051 ‘⁶
438 2014 476 2073 de
489 2014 682 2072 restitutione
696 2011 920 2092 spoliatorum,”
938 2017 962 2072 s

88 2093 236 2155 Dssmcro
256 2102 276 2131 ‘⁶
287 2092 325 2152 de
334 2094 484 2153 sententia
494 2094 824 2152 excommunicationis”
838 2094 869 2150 in
881 2097 910 2151 6.
918 2111 951 2150 re

87 2172 186 2244 detur,
200 2174 231 2231 in
245 2172 304 2231 illis
317 2173 435 2233 tantrlm
448 2174 497 2252 agi
512 2172 550 2232 de
564 2173 736 2233 defensione
745 2183 849 2231 contra
862 2173 945 2231 invcs

86 2271 147 2311 non
162 2251 199 2313 de
214 2253 361 2312 occisione
379 2252 463 2331 ejus:
484 2253 598 2313 licitum
613 2255 693 2312 certe
704 2262 751 2311 est
764 2253 933 2311 invasorem
942 2271 973 2310 re

82 2331 155 2402 lere,
170 2342 202 2392 et
215 2352 268 2391 suu
278 2332 457 2402 defendere3
477 2332 598 2393 sednon
613 2333 681 2392 ideo
690 2332 762 2391 licet
776 2331 922 2392 occidere.

125 2411 196 2491 Obj.
212 2412 255 2473 ΙΙ.
278 2412 433 2472 Sententia
446 2412 508 2470 baec
518 2413 605 2471 fovet·
617 2413 761 2470 malitiam
775 2413 876 2470 inrum
892 2429 956 2470 cnm
967 2425 1021 2489 pet·

82 2491 254 2556 turbatione
266 2491 437 2571 reipublicae
451 2502 483 2550 et
496 2492 690 2570 oppressione
704 2491 870 2551 bonorum:
893 2509 972 2570 ergo,

123 2573 162 2631 R.
185 2574 232 2632 1⁰.
252 2570 469 2650 Retorquendo
482 2583 709 2649 argsrmentum:
734 2571 884 2631 sententie
904 2568 999 2649 opponi

83 2652 162 2710 riam
177 2651 274 2730 aperit
287 2651 455 2711 homicidiis
477 2661 508 2710 et
521 2651 651 2711 animum
665 2650 748 2710 addit
762 2651 960 2730 sanguinariis

83 2731 310 2811 perturbatione
320 2730 499 2809 reipublice,
511 2741 661 2791 etenterna
669 2732 858 2790 damnatione
868 2724 1027 2823 animerntj

124 2813 173 2869 2⁰.
187 2809 302 2871 Nostra
315 2810 463 2871 sententie
476 2831 534 2870 non
565 2810 684 2871 rebibet
695 2831 812 2870 omnem
828 2810 1027 2887 delensiomi¹

87 2898 119 2950 et
128 2888 248 2968 justitia
260 2890 379 2969 publiea
392 2890 510 2968 supplet
524 2831 649 2970 idpquod
664 2891 749 2950 deest
762 2891 931 2951 defensioni
945 2887 1027 2968 prise}

86 2978 206 3030 torum:
227 2969 308 3049 qnod
321 2970 347 3028 si
361 2970 429 3030 binc
438 2969 506 3029 inde
515 2969 622 3049 aliquis
632 2971 697 3049 ejus
706 2970 893 3048 vigilantiam
905 2964 1027 3047 sturm

89 3048 147 3109 boe
160 3069 216 3128 per
228 3049 365 3113 accidens
379 3060 434 3118 est,
454 3059 485 3108 et
498 3049 595 3109 curari
605 3070 664 3109 non
680 3049 766 3111 solet.
1009 3112 1016 3137 δ

128 3128 248 3191 Deinde
259 3131 332 3189 satis
341 3128 428 3188 multi
437 3148 554 3207 semper
564 3128 822 3206 inveniuntur,qui
831 3148 880 3188 res
891 3147 960 3188 snas
967 3142 1025 3187 atri·

88 3218 137 3268 ter
151 3207 316 3267 defendunt
329 3209 418 3268 etism
433 3228 500 3267 eum
515 3208 663 3269 occisione
676 3209 831 3278 invasoris,
855 3220 888 3267 et
903 3208 948 3267 ite
959 3206 1026 3265 fus

88 3297 213 3359 terrem,
226 3297 261 3346 ut
274 3305 350 3364 opus
359 3305 419 3347 non
431 3287 480 3358 sit,
494 3307 546 3346 eos
556 3287 872 3348 sententiifavorabili
887 3287 1026 3365 instigant

124 3367 196 3446 Obj.
211 3366 271 3427 111.
285 3367 373 3425 Bona
382 3366 511 3426 fortunas
524 3378 593 3428 sunt
602 3366 814 3429 neeessariead
824 3368 937 3426 vitame
955 3358 1027 3443 etqui

81 3447 196 3506 licitum
210 3457 256 3506 est
267 3444 428 3506 defendero
438 3445 531 3506 vitam
540 3467 608 3507 enm
619 3448 766 3515 occisione
779 3447 947 3507 invasoris:
965 3458 1027 3521 erge

84 3527 174 3585 etiem
189 3526 267 3585 bonu
279 3525 419 3585 somnne.

125 3605 164 3663 R„
184 3605 264 3665 Dist.
288 3614 488 3682 assumptum:
509 3607 534 3666 si
558 3627 613 3686 per
625 3604 704 3666 bona
723 3606 852 3666 fortunas
870 3600 1027 3667 necaturi!

80 3683 290 3764 intelligantur
302 3683 427 3761 divitica,
448 3707 528 3768 nego
541 3697 743 3765 assumptum:
762 3686 870 3747 fulsum
892 3685 973 3748 euim
991 3688 1027 3743 etl
