2160 4034
320 201 365 243 ne
384 199 467 243 rorte
487 200 529 243 ur
549 199 706 243 rusurrm.
936 185 993 245 193

49 299 80 361 la
90 320 162 363 non
176 314 302 383 pocsmt
315 314 377 365 tam
386 304 557 365 heueaoiri:
577 303 826 374 multadicuutnr,
838 315 993 386 qnarpoat·

49 381 162 443 roddm
173 385 366 445 inveniuntur
376 383 543 445 esrefalaa:
564 404 621 463 ego
631 383 868 456 ieta-noncredo,
881 382 995 443 recelli

49 459 151 522 abent
164 464 225 525 ista
236 466 377 524 credero:
398 483 498 523 coram
511 463 659 523 timoratis
669 474 767 523 temen
783 473 814 522 et
826 462 995 542 intelligen-

49 541 121 602 ,bus
136 542 213 603 tales
227 543 309 603 modi
322 543 422 603 velere
435 555 568 622 puerunt.

69 623 129 681 40.
159 622 272 682 Modus
292 622 473 700 generaliter
500 622 595 683 honus
616 632 671 692 eat,
689 623 857 683 'comedere
880 620 996 681 vultum

49 701 162 761 ristem
184 721 250 761 eum
264 703 391 782 quadam
405 703 620 780 indignatione,
636 701 727 780 juxta
740 702 814 761 illnd
829 702 919 761 Pror-
933 720 997 780 cap.

49 783 86 841 5.
120 783 162 842 V.
184 785 233 842 23.
263 791 282 821 ‘⁴
294 782 411 843 Ventus
433 782 533 860 uqdilc
555 782 681 860 dissipat
702 781 827 860 pluviae,
852 792 883 840 et
904 781 996 841 iacies

49 869 55 898 ¹
70 861 181 921 tristes
194 861 327 938 linguam
338 861 577 921 detrahentem?
597 873 650 922 cut
658 862 746 922 aliter
756 860 900 921 exteriori
911 860 996 938 cigno

49 941 245 1012 nanifestam,
267 941 347 1020 quod
370 942 516 1001 detractio
540 941 706 1019 displiceat,
726 962 755 1000 v.
768 961 798 1019 g.
819 940 997 1000 recedendo.

49 1019 87 1079 lli
96 1019 293 1080 meditamen
304 1042 362 1079 non
375 1040 492 1099 semper
505 1021 723 1080 sufficerentad
735 1020 936 1080 excusandum
950 1039 997 1079 su·

49 1099 205 1177 potiorem,
219 1101 269 1178 qui
284 1120 323 1159 ex
333 1101 452 1178 justitia
465 1101 680 1165 detractionem
695 1101 839 1179 impedire
849 1109 979 1159 tenetur.

81 1181 133 1237 5⁰.
154 1178 268 1239 Modus
282 1180 454 1258 ingeniosus
467 1186 493 1240 81
506 1182 605 1239 auaris
616 1190 662 1239 eat
670 1180 820 1239 divertere
829 1197 997 1238 sermonem

49 1258 83 1319 rd
102 1257 166 1319 ulia
185 1259 275 1318 etiam
285 1260 400 1337 jocosa,
420 1259 469 1318 rel
483 1259 614 1339 incipere
634 1279 755 1319 narrare
769 1258 842 1337 quid
858 1258 938 1318 aliud
959 1279 999 1319 ex

49 1337 191 1415 abrupto:
211 1337 257 1396 his
278 1338 375 1398 modis
400 1339 575 1399 excelluisse
596 1339 705 1398 dicitur
728 1339 859 1399 Thomas
882 1339 999 1410 Morus,

49 1415 239 1495 dignissimus
253 1417 373 1496 Angliae
388 1418 595 1478 Cancellarius.

81 1499 132 1556 60.
155 1497 328 1561 Reierondo
338 1498 416 1557 hona
426 1498 463 1558 de
471 1498 532 1569 illo,
541 1499 589 1557 cui
600 1498 777 1567 detrahitur,
790 1497 839 1557 vel
847 1496 913 1576 ejus
923 1496 1003 1557 dicta

50 1585 95 1637 rut
107 1576 193 1636 facta
213 1578 383 1638 excusando
404 1588 457 1637 aut
479 1578 553 1638 benc
566 1577 808 1657 interpretando:
830 1576 934 1636 vcrdm
955 1576 1004 1634 hic

50 1655 150 1717 modus
162 1656 273 1716 iterum
289 1658 388 1718 valere
402 1669 501 1735 potest
521 1658 601 1736 apud
615 1658 825 1737 intelligenter,
846 1677 908 1715 non
920 1656 1001 1735 apud

52 1736 146 1806 rudes,
160 1737 213 1818 qui
228 1736 298 1796 inde
312 1737 411 1815 potiris
430 1737 640 1796 excitabuntur
653 1737 691 1796 ad
704 1734 900 1816 probandum,
921 1736 1002 1815 quod

53 1815 123 1877 urit
136 1816 307 1877 intentione
320 1818 400 1877 fucta
413 1817 481 1887 sint,
496 1819 547 1876 &c

82 1895 236 1969 Quianam
251 1906 349 1957 autem
365 1917 403 1955 ex
418 1897 567 1974 praedietia
586 1896 684 1956 modis
697 1896 728 1954 in
742 1895 913 1973 partiordari
934 1912 1004 1955 catu

54 1995 201 2114 ttttl:
224 1976 714 2114 ”hit,tlttthsstilzttit
728 1975 920 2114 iedlffi‘⁸⁸⁰
941 1985 1003 2034 ‘⁸¹¹¹

87 2076 249 2194 Obseriai
265 2134 321 2193 hdo
343 2136 496 2194 occasione
520 2136 716 2214 steyaertius,
741 2136 822 2212 qnod
835 2134 926 2192 iidem
939 2134 1003 2192 fere

50 2213 131 2275 modi
149 2216 211 2273 sint
225 2213 363 2274 obstandi
377 2215 577 2296 turpiloquiis,
597 2214 704 2296 quibua
722 2213 878 2273 audiendis
898 2213 1004 2272 eodem

50 2293 140 2353 modo
150 2295 268 2371 peccari
279 2295 364 2364 solet,
374 2306 407 2353 ut
418 2294 566 2354 audiendo
576 2295 800 2364 detractionem,
809 2303 919 2372 praeter
931 2293 1005 2352 alios

49 2373 237 2433 inordinatos
252 2375 384 2433 effectus.

51 2532 92 2592 N.
128 2534 195 2591 110.
247 2532 307 2592 DE
338 2532 672 2594 RESTITUTIONE
700 2529 904 2592 RATIONE
934 2529 1007 2590 DE·

393 2613 675 2675 TRAGTlONlS.

55 2731 79 2791 l.
104 2729 235 2808 otiique·
254 2733 295 2790 ud
315 2735 512 2791 restitnmdcm
530 2733 655 2812 frimam.
696 2733 738 2792 ll.
764 2732 845 2806 Quid
862 2734 897 2792 dc
916 2732 1008 2793 detra·

92 2810 175 2870 hence
193 2831 228 2870 err
251 2814 415 2887 iquoractio
437 2811 611 2891 inculpabili.
653 2812 713 2871 Ill.
734 2811 929 2890 Anoblipntio
951 2815 1007 2873 iota

93 2894 274 2950 nauseatur!
285 2890 427 2950 heredem.
470 2891 525 2951 lV.
546 2892 670 2950 Restitui
684 2892 760 2951 debet
778 2893 942 3034 ipcovfumo
963 2895 1006 2952 in·

83 2969 169 3048 justd
187 2969 291 3028 oborto.
343 2971 381 3030 V.
414 2971 471 3030 Cui
492 2974 630 3031 restitutio
646 2970 794 3050 facienda.
867 2971 891 3031 1.
918 2970 1010 3052 Apud

95 3069 176 3126 quor.
217 3049 291 3110 Vll.
311 3049 497 3127 thuuliter.

98 3171 206 3245 QUIS
219 3170 309 3230 debet
319 3172 428 3231 famam
439 3172 621 3233 restituere?

98 3250 124 3310 1.
148 3250 187 3311 R.
204 3250 311 3311 Omnia
326 3250 384 3322 ille,
401 3253 451 3330 qui
459 3252 586 3311 alienam
600 3254 708 3310 famam
724 3251 835 3330 injuste
848 3251 933 3321 lusit,
948 3252 1011 3309 eive

62 3330 97 3389 tit
120 3330 187 3409 ipse
208 3329 360 3389 detractor
374 3332 437 3390 sive
451 3350 612 3409 cooperans
627 3331 813 3399 detractioni,
835 3329 1011 3399 mandando,

62 3410 250 3480 consulendo,
265 3410 452 3480 conridendo,
466 3409 682 3488 applaudendo,
703 3417 753 3470 dcc.
775 3409 823 3469 vel
845 3410 934 3467 etiarn
954 3426 1013 3467 non

62 3488 260 3568 impediendo,
282 3489 353 3548 dum
367 3511 406 3548 ex
420 3490 540 3568 justitia
553 3489 710 3550 tenebatur
720 3489 873 3569 impedire.

97 3568 151 3628 An
164 3568 191 3627 ei
205 3570 271 3648 quis
282 3588 320 3628 ex
330 3570 498 3647 ignorantia
506 3568 679 3650 inculpabili
689 3569 864 3641 detraxerit,
873 3576 1012 3628 teneatur

64 3647 98 3708 td
111 3648 335 3708 restitutionem
347 3650 361 3710 ?

101 3726 145 3790 Π.
166 3728 206 3790 u.
228 3728 306 3792 Satis
321 3739 435 3793 certum
450 3739 505 3808 est,
526 3731 697 3814 quodidie,
719 3727 807 3792 simul
827 3748 861 3793 oo
880 3744 1019 3793 errorem
1056 3696 1058 3709 Ι
