2160 4034
62 170 101 226 52
423 181 612 227 muceranus

100 293 150 351 20.
171 290 306 351 Tenetur
319 287 449 368 propriis
463 290 601 366 expensis
622 285 800 366 (moderatis
814 289 930 369 tamen)
951 305 1016 349 rem
1039 240 1056 363 il

61 374 211 448 integram
225 389 354 440 servare,
375 373 400 426 81
413 369 544 426 modicos
558 366 761 444 reparationes
780 367 895 428 facere:
917 369 960 428 sic
972 377 1019 427 te·
1038 370 1050 405 ’λ

59 461 149 511 netur
162 449 282 508 domum
297 448 329 506 in
341 446 466 506 modicis
477 464 625 524 reparare,
632 447 662 503 iu
673 464 767 525 grege
775 447 947 514 animalium
958 464 1017 527 pro
1042 428 1056 489 f

63 528 228 591 demortuis
249 527 322 586 alios
335 527 425 585 fretus
439 526 637 603 substituere,
649 523 680 582 in
690 526 782 603 sylvis
799 527 865 586 loco
876 527 1020 588 arborum
1040 513 1056 568 i

64 609 287 669 demortuarum
301 607 373 665 alios
387 607 529 676 inserere,
549 605 606 663 nisi
619 605 650 662 vi
674 607 861 683 tempestatis
881 617 934 666 aut
957 606 1020 666 alio
1042 595 1056 653 -Ι

63 687 154 748 simili
167 707 237 746 casu
246 687 347 745 forent
360 685 472 763 ejectio,
486 685 534 743 vel
547 684 605 743 nisi
620 683 803 744 ususfructus
812 687 928 745 tantdm
938 685 1022 745 foret
1040 676 1056 757 ⁵,

63 767 151 827 unius
165 786 194 825 v.
207 787 237 845 g.
250 765 385 825 animalis
399 775 451 823 aut
464 763 649 843 singolorum
662 764 801 842 capitum,
815 771 841 824 dr
854 767 930 825 citra
939 765 1022 833 fruc·
1051 764 1056 799 ²

62 847 153 906 tuarii
168 845 282 923 culpam
293 854 427 923 pereant.
1049 844 1055 851 '

73 979 76 987 .
106 926 139 987 si
147 925 382 984 usufructuarius
390 922 486 1002 possit
497 923 604 982 docere
614 941 647 981 se
657 923 724 1001 plus
734 923 1023 1002 impendisse,qudm
1047 924 1056 961 ¹

63 1005 197 1083 impendi
211 1004 327 1074 debeat,
348 1002 521 1062 solemniter
534 1002 565 1061 id
579 1011 679 1081 potest
688 1021 853 1080 reposcere.
893 1004 981 1083 Lege
995 1007 1025 1063 ’1.
1049 1007 1056 1073 ἰ

67 1085 186 1144 Codicis
201 1085 335 1144 Euman
349 1100 438 1149 cunm
459 1082 525 1141 “de
541 1081 730 1140 Urufructu.”
1042 1083 1056 1121 i

104 1167 153 1224 30.
175 1163 309 1224 Tenetur
332 1161 462 1241 propriis
489 1159 655 1239 sumptibus
681 1160 822 1240 colligere
848 1162 975 1234 fructus,
996 1168 1023 1222 e
1045 1165 1056 1201 ¹

66 1242 182 1304 solvere
196 1241 318 1313 tributa,
339 1261 404 1320 quae
418 1240 564 1300 debentur
576 1259 632 1318 pro
645 1259 678 1298 re
688 1241 843 1318 frugifera.
1041 1243 1056 1310 Ι,

106 1324 155 1382 40.
176 1322 311 1383 Tenetur
320 1330 462 1400 praestare
482 1319 681 1397 proprietario
694 1322 871 1391 cautionem,
892 1341 926 1382 se
943 1321 1023 1381 arbi·
1038 1304 1056 1389 ll

67 1411 150 1461 tratu
160 1401 230 1460 boni
238 1401 296 1459 viri
304 1399 587 1459 usurumfruiturum
598 1418 631 1457 re
641 1399 743 1476 ipsius.
1036 1394 1056 1471 f

110 1480 187 1540 XII.
209 1480 385 1559 Aequiritur
395 1479 580 1538 ususfructus
591 1498 630 1538 ex
642 1479 719 1556 lege,
730 1488 920 1552 testamento,
930 1481 1022 1543 donu-
1036 1478 1056 1555 R

67 1560 161 1634 tione,
181 1559 279 1618 aliove
292 1567 389 1637 pacto.
947 1620 950 1625 ,
1035 1540 1056 1600 ’l

111 1638 207 1698 Xlll.
228 1639 389 1697 Amittitur
402 1636 500 1697 morte
514 1636 740 1709 usufructuarii,
755 1637 804 1696 vel
813 1639 837 1698 si
850 1658 899 1698 res
909 1650 1021 1717 pereat,
1035 1619 1056 1716 'l

67 1738 98 1777 v.
119 1737 149 1797 g.
173 1716 278 1776 domus
302 1716 511 1777 comburatur:
531 1736 586 1775 nec
599 1716 766 1788 reviviscet,
787 1719 903 1777 etiamsi
917 1719 1022 1781 domus
1039 1703 1056 1760 li

65 1797 316 1858 reedificaretur:
336 1796 407 1854 item
417 1795 657 1874 finitotempore,
681 1815 740 1873 quo
755 1807 821 1856 erat
830 1799 1019 1873 constitutus,
1036 1800 1056 1870 a

69 1896 126 1956 per
140 1876 403 1954 prescriptionem,
424 1876 476 1932 &a
1000 1936 1004 1945 ‚
1039 1881 1056 1919 ³²

112 1955 190 2016 Haec
199 1965 319 2014 notasse
333 1955 466 2024 sufficiat,
476 1952 641 2032 praesertim
655 1975 712 2033 pro
721 1956 908 2016 conscientiis
917 1976 1023 2036 paren·
1039 1942 1056 1999 il

70 2043 136 2095 tum
157 2034 331 2112 dirigendis,
352 2034 403 2114 qui
416 2033 561 2093 bonorum
575 2034 806 2094 adventitiorum
820 2033 889 2095 filiis'
902 2039 1025 2098 minori·
1041 2042 1056 2079 ¹¹

69 2113 127 2172 bus
140 2112 372 2191 competentium
385 2113 602 2173 usumfructum
615 2112 735 2187 babent,
755 2126 844 2193 prout
857 2115 970 2176 dictum
978 2110 1056 2188 ost‘l,

69 2192 162 2252 Num.
179 2195 223 2252 ro.
974 2202 978 2209 ·
1044 2202 1056 2273 l

1046 2282 1056 2319 t

386 2373 428 2431 N.
448 2374 496 2432 sn
526 2373 597 2433 nn
618 2373 713 2436 usu.
1048 2364 1056 2418 ³

75 2495 101 2555 Ι.
128 2493 202 2554 Usus
214 2491 379 2586 rotduplec.
420 2490 463 2551 11.
483 2491 576 2552 Juris.
604 2492 678 2587 .¹.¹¹·
697 2493 836 2632 Etpacti.
877 2494 933 2589 Ill.
953 2445 1056 2576 D'fii

104 2574 340 2653 soccessores.
381 2570 419 2631 V.
446 2571 520 2630 Uero
530 2573 744 2651 focnrnrcooa
763 2574 1028 2656 dunondpffmd
1052 2604 1056 2640 ε

112 2652 245 2712 dominio.
286 2651 342 2711 Vl.
362 2648 457 2709 Aliud
479 2661 520 2710 est
537 2654 565 2708 si
582 2654 621 2710 sit
637 2653 808 2712 morabilis.
849 2653 923 2714 Vll.
948 2655 1028 2715 Con·
1054 2685 1056 2705 ι

112 2732 249 2790 necocia
269 2731 341 2790 inter
353 2729 494 2790 loannem
509 2729 619 2790 XXII.
632 2732 658 2808 ὂς
671 2732 889 2794 Froncisocnos.
930 2733 1027 2796 Vlll·
1054 2766 1056 2799 :

110 2809 292 2890 Explicatur.
1054 2850 1056 2859 ‹

72 3056 81 3087 ι
105 2969 139 3110 hl.
173 2966 282 3063 usus
316 2966 510 3046 distinguitur
544 2969 664 3048 duplex,
698 2977 717 3008 “
731 2970 832 3032 Juris'’
864 2991 972 3075 nempe
1002 2979 1030 3034 ἃ

83 3059 91 3087 ‘
134 3047 218 3108 act1.’'

113 3126 195 3205 Quid
209 3136 255 3185 cst
264 3144 335 3185 usus
348 3125 457 3187 Juris?

113 3207 157 3267 11.
178 3206 216 3266 R.
237 3205 294 3264 Est
315 3204 366 3284 jus
389 3205 493 3265 utendi
506 3225 539 3265 re
553 3205 658 3278 alieno,
678 3205 760 3266 salva
772 3206 836 3287 ejus
850 3208 1028 3271 substantii.

110 3286 223 3346 Differt
233 3283 269 3344 ab
277 3284 441 3357 usufructu,
453 3284 531 3366 qudd
541 3286 676 3345 usuarius
684 3306 743 3346 non
752 3287 847 3366 possit
857 3290 901 3348 rei
909 3290 1028 3350 fructus

70 3367 225 3446 percipere
240 3363 390 3444 (exceptis
406 3365 581 3443 quibusdum
595 3365 634 3424 ad
643 3386 730 3425 usum
744 3367 951 3446 quotidianum
964 3389 1028 3431 suae

69 3445 206 3523 familiia)
221 3463 275 3502 uec
286 3462 326 3504 ex
337 3464 372 3502 re
386 3443 436 3502 illa
445 3442 589 3523 quaestum
601 3445 709 3506 facere.
1055 3502 1056 3507 ,

48 3587 52 3605 ,
110 3527 159 3584 20.
181 3523 270 3599 Qubd
282 3543 343 3582 non
355 3524 451 3602 possit
464 3544 550 3584 usum
571 3524 616 3584 rei
639 3524 726 3584 alteri
740 3526 861 3602 donare,
880 3529 1025 3606 vendere,
1054 3566 1056 3599 2

71 3605 196 3675 elocare,
217 3608 267 3662 &a
288 3623 353 3681 quae
369 3604 468 3663 omnia
475 3613 576 3684 potest
583 3605 826 3670 usufructuariae.
1053 3644 1056 3684 1

112 3683 194 3760 Quid
207 3693 253 3745 est
266 3702 337 3745 usus
350 3682 462 3747 Facti?
