2160 4034
66 172 127 233 292
456 183 643 228 ΤΒΔῦΤΔΤῦθ

100 292 260 354 Undenam
273 288 439 370 dignosces,
449 290 651 350 conditionem
660 307 726 350 esse
739 287 894 351 medalem
905 307 944 349 un
956 307 991 353 uu

88 371 245 432 ensivcm?
414 372 416 381 '

61 392 148 529 PII.
183 449 354 530 Aliquando
382 469 422 509 ex
445 451 509 527 ipsc
530 448 723 526 expressione
751 448 943 520 conditionis,
969 449 991 509 ol

66 530 185 608 quando
199 549 239 589 ex
252 541 358 589 nature
371 530 397 586 δι
411 529 640 587 circumstantiis
653 539 833 598 contractus,
855 529 883 587 a
896 528 991 589 maqu

53 629 107 681 ,ex
114 619 215 669 mente
228 608 465 668 contrahentium
479 607 517 666 ali
541 627 579 683 uo
594 607 683 667 modo
696 608 899 681 manifestata,

109 689 144 751 si
164 687 311 770 inquisitis
333 687 469 746 omnibus
490 686 531 746 dn
551 685 612 745 ium
626 698 811 764 perseveret,
831 685 991 765 praesumite

68 769 201 829 conditio
215 787 280 827 esso
290 767 472 844 suspensive.

108 847 202 909 VIII.
223 845 364 907 GondItIo
377 845 504 905 honesta
517 854 572 915 est,
593 864 659 924 quas
673 845 795 925 aliquod
818 844 930 913 bonum
952 865 991 907 con

68 927 154 998 tinet,
169 932 194 986 ἃ
208 925 321 984 nullum
335 924 445 985 bonum
459 923 592 1003 impedit.
613 925 725 1002 Turpis
738 936 794 997 est,
808 945 877 1007 qum
892 924 939 985 vel
950 945 990 985 coo

68 1007 146 1066 tinet
169 1016 332 1083 peccatum,
353 1002 401 1063 rel
414 1005 540 1082 impedit
562 1003 684 1082 aliquod
698 1003 818 1076 bonum,
839 1005 888 1065 vel
902 1007 932 1064 in
948 1003 991 1085 jn

68 1094 210 1163 tanquam
224 1085 292 1143 talis
305 1095 470 1163 reputatur.

109 1164 192 1238 Quid
205 1163 336 1224 efficiunt
349 1163 535 1222 conditiones
546 1161 689 1240 apposite
703 1161 927 1223 contractibus?

108 1242 169 1303 IX.
189 1244 229 1304 R.
251 1245 295 1301 1⁰.
312 1242 488 1303 contractus
502 1241 593 1299 initus
607 1239 662 1300 sub
675 1241 846 1301 conditione
862 1242 901 1303 de
913 1252 991 1321 prate

69 1322 129 1383 rito
141 1322 188 1381 vel
202 1322 344 1400 presenti
360 1321 442 1380 nullo
456 1320 546 1380 modo
560 1320 759 1399 suspenditur,
779 1321 833 1383 sed
846 1323 874 1380 si
888 1322 991 1381 conditi

66 1400 218 1471 subsistat,
239 1412 286 1460 est
298 1402 398 1460 statim
413 1399 544 1469 validus;
572 1399 669 1458 sinon
684 1399 834 1471 subsistat,
863 1401 991 1461 invalido

107 1483 155 1539 20.
176 1481 353 1541 Contractus
365 1481 458 1539 initus
471 1479 526 1539 sub
540 1479 711 1538 conditione
731 1478 768 1539 de
791 1480 896 1539 futuro
917 1498 991 1541 necor

69 1561 148 1620 sario
176 1560 297 1638 cognito
321 1572 355 1619 ut
369 1558 431 1630 tall,
451 1560 541 1619 etiam
568 1578 627 1616 non
650 1559 851 1637 suspenditur,
876 1559 928 1619 sed
948 1579 991 1619 cor

68 1648 151 1699 setnr
172 1659 275 1718 purus,
294 1639 352 1698 nisi
376 1638 456 1717 quod
477 1637 540 1697 lamo
559 1638 690 1697 conditio
705 1639 883 1718 quandoque
903 1638 991 1699 efficito

66 1712 102 1778 nt
115 1728 285 1778 contractus
299 1719 338 1777 sit
351 1719 434 1777 velut
454 1726 472 1755 “
483 1717 520 1776 ed
534 1716 613 1776 diem
626 1718 767 1787 certum,’'
788 1717 825 1776 de
846 1738 907 1796 quo
927 1717 991 1779 Nun

68 1798 232 1876 superiori:
260 1817 289 1857 v.
311 1817 341 1876 g.
365 1797 463 1858 vendo
486 1796 542 1857 tibi
565 1814 683 1877 equum,
707 1797 734 1854 si
755 1796 803 1857 die
828 1798 952 1857 Pascha
972 1817 991 1858 st

68 1879 192 1936 oriatur.
564 1880 572 1885 ”
611 1886 616 1909 ·’

11 1980 14 1985 >
80 1969 84 1974 ·
110 1956 152 2014 Χ.
173 1956 265 2016 Ratio
279 1964 334 2025 cst,
357 1954 437 2035 quod
452 1954 583 2014 conditio
596 1954 762 2013 necessaria
774 1955 879 2014 futura
891 1954 991 2035 ecquid

66 2034 128 2095 leat
142 2035 304 2094 conditioni
317 2036 458 2112 prasenti
473 2045 596 2111 propter
609 2034 815 2093 certitudinem
831 2047 967 2095 eventus.

107 2114 231 2172 Dictum
242 2122 287 2171 est
308 2113 458 2190 “cognito
472 2122 506 2171 ut
519 2111 571 2171 tali
581 2112 605 2181 ;”
620 2114 697 2190 'qula
709 2114 734 2172 si
748 2114 929 2174 contrahens
942 2113 991 2175 bon

66 2191 127 2253 fide
149 2201 279 2270 putaret,
299 2211 364 2252 oum
389 2191 590 2251 conditionem
611 2212 677 2251 esse
697 2193 931 2270 contingentem,
952 2213 991 2252 cot

66 2282 181 2331 tractus
202 2281 338 2330 maneret
351 2289 511 2349 suspensus
531 2290 631 2349 usque·
645 2272 683 2330 ad
703 2272 884 2331 conditionis
896 2273 991 2351 positi<

66 2370 145 2419 nem,
165 2370 233 2409 curn
247 2350 316 2409 talia
326 2363 396 2410 tunc
408 2350 448 2409 sit
462 2351 589 2411 intentIo
599 2351 812 2425 contrahentis.

109 2430 185 2490 XII.
206 2433 255 2488 3⁰.
277 2431 454 2489 Contractus
468 2431 560 2489 initus
572 2429 627 2489 sub
648 2430 818 2489 conditione
832 2430 874 2488 im
897 2430 991 2491 ossibil

62 2508 133 2588 jure
146 2521 259 2568 nature
278 2520 323 2567 cst
338 2508 502 2579 invalidus;
523 2509 593 2588 qnia
613 2509 664 2587 qui
679 2509 862 2587 vultsnspen
886 2529 939 2570 ere
951 2530 991 2571 cot

66 2609 184 2649 sensum
199 2591 217 2648 d
230 2589 409 2658 conditione,
430 2608 496 2670 qum
517 2588 636 2666 impleri
657 2608 715 2648 non
740 2598 849 2668 potest,
870 2608 933 2648 non
952 2609 991 2649 cer

65 2678 150 2727 setur
163 2668 240 2728 velle
253 2667 428 2727 contrahere
442 2668 494 2726 sed
505 2669 620 2745 nugari.
634 2720 638 2727 .

107 2746 201 2807 XIII.
223 2746 449 2806 Eodemmodo
471 2758 638 2806 contractus
659 2748 750 2806 initus
774 2746 828 2806 sub
848 2747 991 2809 condition

68 2828 148 2904 turpi
164 2828 200 2885 de
214 2826 325 2896 futuro,
337 2826 446 2883 nullam
456 2825 525 2904 jure
540 2837 652 2887 naturae
666 2826 879 2905 obIIgationem
894 2827 991 2893 inducit

69 2915 228 2984 antequam
253 2905 385 2965 conditio
407 2917 551 2983 ponatur;
575 2907 644 2984 qnia
668 2907 799 2965 conditio
819 2907 929 2984 turpis,
952 2925 991 2965 out

67 2983 107 3043 sit
120 2985 232 3056 illicita,
254 2996 391 3044 censetur
404 2985 558 3045 moraliter
571 2985 763 3064 impossibilis
779 2991 805 3045 dr
824 2985 894 3044 talis
908 2984 990 3064 injur

65 3074 198 3123 vocatur.

110 3142 200 3204 XIV.
221 3143 342 3202 Dictum
366 3154 412 3202 est
434 3153 563 3221 utroque
587 3162 656 3202 casu
676 3152 693 3181 “
703 3142 773 3221 jure
797 3144 930 3204 nature&
950 3163 991 3203 con

68 3231 196 3284 tractum
220 3242 279 3281 non
301 3222 411 3292 valere,
432 3225 502 3301 quia
518 3223 588 3300 jure
609 3223 738 3300 positivo
762 3223 793 3281 in
816 3224 991 3283 matrimoni<

68 3303 142 3371 item
155 3303 185 3360 in
196 3300 391 3371 testamentis,
412 3300 520 3380 legatis
533 3303 658 3381 aliisque
678 3301 790 3360 ultimis
804 3301 991 3362 voluntatibut

68 3381 252 3441 conditiones
275 3379 473 3458 impossibiles
496 3387 522 3440 81
544 3395 654 3460 turpes,
679 3403 744 3463 quoe
766 3402 826 3441 non
847 3402 991 3462 repugnas

68 3461 238 3521 substantie
259 3461 439 3532 contractus,
469 3461 615 3521 habentur
638 3481 693 3540 pro
716 3482 775 3521 non
799 3461 935 3540 adjacuit,
959 3481 991 3521 ne

68 3550 252 3599 contractum
275 3539 394 3599 irritum
407 3540 554 3601 reddunt:
574 3541 618 3600 ita
632 3542 735 3601 statuit
756 3561 810 3620 pro
824 3540 991 3601 matrimoni

67 3618 161 3698 Greg.
178 3619 238 3679 IX.
256 3617 308 3679 lib.
327 3622 356 3679 4.
375 3619 486 3679 decret.
506 3621 553 3680 tit.
567 3622 596 3679 5.
615 3641 679 3699 cap.
700 3620 825 3680 ultimos
846 3641 902 3699 pro
924 3630 991 3681 testa

64 3700 174 3759 mentis
197 3699 445 3773 adtendebatur
467 3698 520 3760 lib.
541 3702 589 3759 35.
610 3699 671 3779 dig.
691 3702 739 3761 tit.
765 3698 991 3780 Lingonico

55 3776 128 3841 inst.
148 3776 200 3841 lib.
215 3781 244 3840 2.
263 3779 312 3840 tit.
328 3780 373 3840 lt.
393 3778 411 3862 ξ
428 3779 472 3840 10.

623 3976 716 4010 ᾳ
