2160 4034
59 116 130 198 ἱ164
435 128 638 195 numurus
662 156 665 163 ·
723 156 726 161 ·

61 261 154 321 'Item
177 259 202 319 si
223 274 342 337 operam
365 254 494 331 debitam
513 254 571 317 non
584 262 737 338 prestent,
757 252 838 338 qnod
856 254 948 316 etiam
966 277 981 338 p

61 339 142 398 'allis
156 338 300 418 operariis
314 335 427 396 reflecti
441 335 539 396 debet.

60 437 64 446 ·
117 418 243 497 Insuper
266 417 347 475 furto
367 425 492 494 peccant
514 414 762 495 proportionatim
786 416 823 476 ad
843 416 981 496 gravitati

74 497 218 566 materiae,
232 496 302 556 dum
314 494 464 554 esculenta
474 495 668 574 &poculenta
680 496 822 574 pretiosa,
835 495 885 555 vel
900 514 964 574 qnae
978 521 981 551 t

76 576 181 655 negari
196 576 301 646 solent,
320 574 349 632 in
365 592 434 633 suos
448 592 519 631 usus
533 583 720 644 convertunt,
734 575 791 633 uisi
804 574 981 654 prasumip

76 666 123 716 set
136 673 296 715 consensus
309 652 432 724 domini,
445 651 549 712 saltem
564 652 663 732 quoad
676 651 870 712 substantiam
886 652 981 714 ablata

75 756 104 794 v.
118 755 147 814 g.
162 735 186 794 si
201 733 337 794 dominns
351 733 382 792 id
396 732 491 792 sciens
503 751 564 791 uon
578 732 769 803 contradicat,
781 732 830 792 vel
843 741 981 811 rogatus

75 815 132 874 cilo
145 813 297 884 concedat,
312 813 364 870 &c

60 902 66 910 '
117 893 242 953 Interim
263 911 380 971 semper
398 889 531 969 graviter
547 890 644 951 solent
664 909 728 951 esse
748 890 834 950 iuviti
855 891 979 963 domini,

58 972 253 1032 'famulantes
273 971 381 1030 similia
400 970 562 1050 surripiant
579 970 617 1030 ad
631 969 759 1030 dandum
772 971 822 1029 vel
835 971 981 1031 vendendi

77 1052 246 1112 extrancis:
266 1051 379 1131 pariter
397 1049 534 1127 judicant
554 1047 708 1108 Authores
732 1069 784 1109 eos
803 1050 939 1129 pariter
958 1070 981 1130 p

59 1140 155 1202 'aare
170 1132 196 1190 si
210 1130 287 1192 bona
299 1128 442 1190 notabilia
454 1129 556 1187 invitis
570 1128 698 1188 dominis
712 1128 783 1188 dent
796 1130 981 1209 pauperibus

120 1210 349 1271 circumstantia
367 1226 533 1288 aggravans
553 1207 584 1267 in
601 1209 657 1267 hac
669 1209 794 1268 materia
807 1220 863 1280 est,
885 1209 910 1268 si
930 1209 981 1269 fan

81 1291 179 1350 lantes
192 1289 347 1350 absumant
359 1308 423 1348 rem
438 1307 541 1349 corum
555 1287 696 1347 custodire
709 1289 905 1348 commissam.

121 1370 202 1445 Quid
216 1368 394 1429 censendum
405 1367 442 1427 dc
453 1366 551 1438 furtis,
582 1387 628 1426 uae
641 1367 818 1427 famulantes
832 1368 982 1427 committi

81 1449 119 1509 ad
139 1449 245 1510 alenda
266 1468 384 1528 pecora,
404 1467 434 1505 v.
451 1466 481 1525 g.
501 1448 545 1506 eis
563 1387 663 1506 lando
684 1446 759 1527 plus,
779 1467 866 1527 quam
889 1447 981 1507 domis

59 1525 64 1533 '
80 1528 185 1598 voluit,
199 1527 248 1589 vel
263 1547 298 1587 ea
311 1546 376 1610 qum
389 1525 649 1606 dareprohibnit?
692 1562 694 1567 s

119 1608 193 1673 VII.
214 1608 253 1668 R.
273 1607 320 1667 Ea
333 1615 401 1666 sunt
414 1606 581 1684 peccata&
599 1606 671 1666 satis
683 1605 856 1676 familiaria;
877 1613 904 1666 dr
917 1607 944 1666 si
957 1608 981 1666 iu

78 1698 216 1747 mutetur
236 1688 375 1748 damnum
394 1683 526 1746 notabile
545 1686 577 1744 iu
597 1705 631 1745 re
644 1685 791 1758 familiari,
812 1696 859 1746 est
872 1696 981 1765 peccati

76 1768 203 1828 mortale
217 1768 243 1826 8s
258 1765 400 1846 obligatio
413 1764 620 1825 restitutionis.

61 1854 63 1858 ’
117 1846 150 1907 si
161 1857 260 1906 antem
270 1864 379 1923 pecora
388 1844 535 1903 intantum
544 1843 748 1915 meliorentur,
758 1854 793 1903 ut
803 1844 933 1905 dandum
942 1865 978 1926 qu

77 1936 293 2005 compensetur,
307 1942 366 1982 non
377 1932 465 1982 erunt
475 1922 599 2001 obligati
609 1923 648 1983 ad
658 1923 887 1996 restitutionem,
898 1935 981 1984 nect

78 2006 166 2064 facile
178 2003 342 2084 peccabunt
354 2001 531 2062 mortaliter.

119 2084 210 2147 VllI.
232 2081 378 2161 Religiosi
392 2081 423 2140 in
437 2081 492 2141 hao
504 2084 631 2143 materIa
651 2084 715 2142 fere
736 2083 845 2142 similes
860 2093 930 2142 sunt
942 2081 981 2142 fili

77 2162 213 2235 familias,
236 2162 279 2221 ita
292 2170 327 2219 nt
339 2162 452 2221 lurtum
471 2162 665 2234 committant,
690 2163 812 2221 sidere
833 2162 959 2242 quadam
978 2164 981 2220 i

75 2245 147 2304 vitis
161 2240 361 2321 superioribus
375 2240 550 2320 disponant:
570 2241 622 2300 sed
636 2242 757 2320 iusuper
768 2252 892 2320 peccant
901 2261 981 2321 pecca

60 2321 64 2333 '
78 2321 224 2401 sacrilegii
234 2330 343 2381 'contra
356 2329 459 2380 votum
472 2321 664 2400 paupertatis.

81 2420 85 2427 ·
118 2402 178 2462 lx.
201 2399 376 2460 Universale
397 2400 542 2459 monitum
559 2398 730 2460 Authorum
752 2410 807 2473 est,
827 2401 858 2458 in
879 2400 981 2461 similit

76 2484 166 2543 furtis
188 2500 248 2540 nou
263 2498 328 2540 esse
342 2478 547 2549 simulandum,
567 2498 605 2538 ue
621 2478 864 2558 multiplicentur,
884 2480 942 2539 etsi
956 2501 981 2541 cs

77 2570 171 2622 staret
185 2559 319 2622 dominos
329 2568 445 2618 tantum
459 2577 524 2618 csse
537 2559 648 2618 invitos
660 2558 758 2640 quoad
768 2560 948 2638 acceptionis
961 2580 981 2619 u

77 2641 165 2711 dum;
185 2639 236 2699 sed
251 2639 379 2720 aliquam
392 2657 508 2716 semper
518 2638 737 2697 restitutionem
750 2638 981 2716 injungendam

76 2720 253 2799 petitionem
266 2718 369 2789 venia,
389 2717 485 2777 velut
498 2716 682 2796 diligentiori
695 2717 765 2777 curi
783 2720 809 2776 ds
827 2718 919 2796 opert
932 2738 981 2778 ma

74 2799 154 2857 facta
167 2806 366 2877 compensent.

78 3001 118 3060 N.
139 3004 187 3060 93.
218 3001 279 3061 DE
300 3000 694 3142 INJURlIFdAtffffiRA
716 2999 981 3066 HONOREME

128 3224 154 3284 1.
172 3224 270 3285 Fama
288 3227 382 3286 sonti
399 3227 484 3287 diem
526 3224 568 3286 11.
589 3225 691 3286 Hortor
743 3226 801 3286 111.
821 3225 971 3307 Differtri

254 3359 258 3369 i
340 3305 436 3384 somn,
479 3305 534 3367 IV.
558 3304 603 3364 Et
619 3306 639 3366 ὰ
657 3305 743 3366 culta

63 3423 68 3447 ⁷
118 3426 228 3504 QUID
241 3438 287 3488 est
299 3428 399 3490 fama?

117 3508 143 3570 l.
163 3509 203 3568 R.
225 3506 347 3586 Sumpta
360 3510 390 3571 in
404 3509 512 3570 bonam
522 3520 636 3591 partem
650 3513 739 3590 prout
754 3510 791 3570 de
801 3529 837 3569 ea
846 3509 893 3568 hic
903 3511 981 3588 agita

76 3584 168 3646 “Est
188 3587 351 3648 communis
364 3588 491 3667 plurium
509 3589 589 3653 bona
609 3590 790 3653 existimatio
810 3609 843 3650 ac
866 3608 964 3651 sermo

76 3675 96 3706 ‘⁸
110 3666 173 3728 vita
186 3670 212 3730 dr
223 3667 355 3732 moribus
368 3667 519 3747 alicujus,”
