2160 4034
158 178 202 219 nn
222 178 461 220 conmortuos
480 178 515 220 ru
536 178 653 220 annone.
821 160 878 220 411

39 279 180 352 Quantum
195 280 233 338 ad
243 280 361 358 exigna,
377 300 443 358 qum
455 280 483 337 in
496 278 635 350 bellariis,
650 279 815 358 poculentis
827 287 880 339 aut

39 359 93 417 ntis
115 360 290 428 consistunt,
311 360 368 419 etsi
391 360 483 437 aliqui
496 359 653 418 nihilmali
669 361 700 418 in
714 379 751 418 so
768 366 880 438 'appre-

39 447 72 506 rt,
94 441 174 497 recte
188 450 286 497 tamen
300 450 403 498 monet
418 439 571 517 Wiggers,
585 440 607 501 J
609 438 741 497 udicibus
756 438 881 516 integris

39 515 173 575 atalibus
183 516 390 576 abstinendum
404 537 486 585 esse;
506 519 695 598 quantumvis
709 518 787 577 enim
800 517 879 577 levia

41 608 93 653 unt
111 598 224 655 animos
239 597 330 655 etiam
348 597 608 675 integerrimorum
623 617 752 667 movere,
763 616 828 657 uec
841 597 880 656 ad

39 675 127 734 finem
141 676 259 734 dantur.

52 755 126 813 Post
136 755 317 816 sententiam
327 754 481 814 Autbores
493 754 647 815 liberalius
660 756 822 836 procedere
831 774 879 816 so·

39 834 87 892 sed
101 855 155 892 nec
169 854 216 892 res
228 834 285 893 ista
298 844 363 892 tuta
377 846 440 904 est3
461 835 530 915 quia
544 835 660 893 etiamsi
674 855 798 895 munera
810 845 879 913 post

40 912 111 970 tiam
121 914 237 983 dentur,
252 922 350 972 tamen
361 914 390 972 in
400 932 466 973 eam
477 915 602 973 influere
610 925 743 992 possunt,
754 915 880 993 inquan-

39 992 125 1050 ludex
143 1013 182 1051 ex
196 989 249 1071 spa
264 993 383 1051 illorum
396 992 625 1053 obtinendornm
639 994 753 1053 rnoveri
768 995 881 1073 possit:

39 1073 108 1129 urvis
122 1072 152 1129 in
167 1073 344 1131 sententiam
353 1071 416 1150 jam
431 1071 521 1130 latam
535 1093 593 1132 non
608 1073 775 1149 influerent,
785 1074 891 1153 -equi·'

39 1162 193 1226 traeparnnt
215 1153 345 1209 animum
363 1151 480 1213 Judlois
499 1152 687 1229 profuturo:
707 1164 796 1233 atqua
810 1152 880 1213 ideo

39 1230 117 1288 iariis
133 1231 230 1290 Curia
245 1230 415 1290 Brabantiae
429 1230 460 1289 id
474 1234 614 1309 expresse
627 1232 810 1309 prohibitum
824 1246 879 1292 cst.

39 1309 60 1369 J
63 1309 141 1367 udex
155 1321 293 1370 teneatur
303 1311 471 1379 restituere,
485 1310 564 1389 quod
576 1330 629 1388 pro
641 1311 788 1370 sententia
796 1310 882 1388 justa

39 1389 114 1460 justa
135 1390 258 1468 accepit,
280 1389 431 1468 colligitur
449 1410 488 1449 ex
507 1390 548 1449 N.
561 1392 600 1448 55
613 1395 639 1449 ἃ
652 1392 701 1449 56.
719 1393 754 1449 do
765 1390 879 1467 lure&

39 1488 55 1525 a
760 1471 764 1497 l

47 1548 119 1624 quid
133 1558 252 1607 tenetur
265 1548 377 1617 Judex,
391 1549 442 1628 qui
455 1549 586 1630 iniquam
600 1549 775 1609 sententiam
790 1549 881 1609 tulit?

40 1668 47 1684 .
69 1627 107 1686 R.
123 1627 154 1686 Si
169 1648 208 1686 ex
222 1627 335 1687 malitia
348 1629 395 1687 vel
406 1629 556 1706 imperitia
565 1641 617 1687 aut
627 1628 880 1708 negligentiacnl·

39 1706 187 1775 acciderit,
201 1718 321 1765 tenetur
334 1709 411 1785 parti
424 1708 511 1778 lmsae,
525 1709 629 1785 quanti
643 1708 879 1787 ipsiusintersst,

39 1785 126 1844 fnisse
145 1786 330 1862 judicatumr
360 1788 454 1857 scobs,
474 1789 500 1846 si
517 1789 583 1846 sine
599 1788 686 1865 culpa
699 1786 882 1865 Theologiea

39 1865 104 1925 erit.
144 1865 223 1925 Vide
237 1865 328 1925 Num.
341 1865 722 1942 carlummannum·
869 1892 894 1901 ·’

39 1944 67 2079 pl.
88 1945 137 2003 An
160 1955 263 2022 peccat
286 1944 389 2006 Judex
406 1946 507 2005 ferens
521 1947 698 2004 sententiam
713 1946 743 2004 in
757 1952 880 2025 peoo'ato

45 2022 79 2084 i?

39 2102 192 2181 negative,
214 2113 316 2163 contra
332 2103 448 2177 Wiclet'
457 2110 483 2163 81
499 2105 565 2163 Hos
579 2104 734 2163 damnatos
747 2105 778 2162 in
791 2104 881 2163 (lonc.

46 2205 54 2241 ε
75 2184 189 2260 hocque
214 2184 393 2242 sufficienter
411 2184 508 2243 innuit
523 2185 698 2262 Apostolus,
719 2184 879 2262 superiori·

41 2281 202 2340 agnoscens
215 2263 245 2320 in
260 2261 457 2340 potestatibus
470 2263 559 2321 etiam
574 2262 704 2321 discolis.

39 2342 55 2401 d
69 2342 231 2419 requiritur
243 2354 278 2400 ut
290 2342 311 2403 J
314 2342 393 2400 udex
406 2342 583 2400 sententiam
597 2342 677 2400 ferra
691 2341 809 2419 possit?

64 2422 102 2480 R.
135 2421 170 2480 lu
196 2420 396 2479 criminalibus
422 2440 570 2500 nunqnam
598 2421 776 2480 sententiam
799 2419 880 2480 ferre

39 2547 41 2563 .
62 2500 118 2558 nisi
134 2520 180 2558 res
195 2501 233 2558 sit
247 2501 399 2578 liquida&
413 2500 497 2578 plene
510 2500 653 2578 probatur
683 2499 761 2577 nude
774 2500 880 2577 proba·

46 2586 161 2638 tantum
175 2599 258 2638 reum
274 2580 414 2639 damnare
429 2600 486 2638 non
501 2590 610 2658 potest.

39 2660 71 2718 lu
95 2660 190 2716 causis
213 2659 358 2728 civilibus,
380 2660 405 2717 si
424 2679 472 2717 res
490 2661 530 2718 sit
545 2659 693 2739 utrimque
727 2656 877 2727 robabilis‚

39 2758 100 2797 eanr
114 2738 283 2814 adjudicare
297 2737 350 2806 illi,
371 2739 422 2817 qui
438 2738 489 2816 jus
510 2737 600 2797 babet
617 2676 810 2815 probabilius,
830 2736 880 2796 rel

39 2838 73 2875 un
86 2816 168 2875 dubii
177 2816 312 2877 facienda
322 2828 368 2876 est
378 2818 485 2876 divisio
496 2842 504 2887 ;
523 2817 591 2876 tulis
601 2817 679 2875 euim
691 2826 737 2874 est
747 2817 880 2875 omnium

38 2897 113 2955 tium
136 2916 248 2966 sensus,
269 2916 323 2955 nec
347 2895 448 2957 Judox
471 2896 660 2975 erepublica
679 2896 726 2953 vel
745 2896 879 2973 partibus

39 2986 111 3034 atem
125 2977 214 3034 habet
227 2976 314 3034 aliter
324 2976 520 3052 procedendiz
540 2976 619 3057 qubd
629 2975 654 3033 si
665 2995 698 3034 re
707 2976 879 3053 scrupulose

39 3056 110 3124 rata
130 3066 248 3115 maneat
266 3053 318 3132 jus
331 3055 481 3133 utrimque
494 3058 577 3135 arque
595 3053 757 3133 probabile,
777 3066 878 3132 partes

39 3135 104 3192 ndre
118 3147 186 3192 sunt
199 3136 237 3194 ad
250 3135 504 3211 compositionem,
518 3134 649 3213 alioquin
663 3132 753 3193 debet
761 3133 887 3212 judicio.-

39 3214 136 3272 edere.

39 3317 41 3347 t
55 3303 169 3370 spectat
182 3293 347 3371 propositio
357 3293 513 3352 damnata:
534 3302 553 3332 ‘⁴
564 3292 764 3353 Probabiliter
773 3290 877 3351 existi·

39 3392 70 3443 n,
90 3373 229 3435 Judicem
243 3391 330 3450 possa
348 3371 484 3452 judicare
500 3372 590 3450 juxta
603 3373 774 3453 opinionem
786 3371 888 3431 etiam·

39 3450 282 3531 reprobabilem.”
884 3472 888 3479 ·

856 3572 859 3577 .
880 3556 913 3591 pf.

39 3708 80 3749 un.
94 3708 128 3750 11.
365 3695 384 3750 2
416 3708 442 3749 rs
