2160 4034
63 112 121 174 14⁰
356 145 376 180 ‚-
445 125 632 170 9999999999

61 231 213 301 mandato,
227 231 360 302 oonsilio,
374 236 426 291 &e
439 231 537 293 influit
547 229 772 311 partieipaud03
790 239 899 310 estque
910 230 1014 292 modus

60 313 113 377 ille
134 312 255 389 duplex,
269 311 408 370 nimirum
422 311 627 390 participando
641 310 756 371 99999199
771 311 801 369 19
815 330 858 382 99,
881 321 913 370 99
926 313 1012 389 99991-

63 393 190 472 cipando
201 390 230 448 in
246 390 362 449 actione
371 389 490 467 injusta.

83 488 86 492 ·
104 470 180 544 Quis
195 469 303 528 dicitur
316 471 496 546 participans
509 471 623 529 tantiam
639 470 669 527 in
683 471 739 531 re?
933 522 937 530 .

103 550 147 608 11.
168 549 207 609 Β.
228 548 293 617 1119,
313 549 366 629 qui
378 559 446 625 post
459 549 572 607 furtum
587 549 775 608 commissum
785 549 1032 641 999191999999999Ι

62 629 108 689 991
119 627 234 698 ablate,
248 628 292 686 sic
305 639 339 686 ut
350 629 380 685 in
389 630 485 705 ipsum
496 628 610 688 furtum
620 629 802 708 9991911999,
817 629 913 688 99919
930 629 1013 688 omis-
1025 646 1032 707 ,¹

64 709 179 770 sionem
192 707 392 766 restitutionis
406 708 492 766 istius
505 708 588 766 furti.
748 767 754 771 ,
1022 720 1032 781 l

63 823 66 827 <
105 789 175 862 Quo
188 784 277 845 titnlo
291 786 471 865 participans
485 787 602 846 tantiam
612 786 691 847 iu're
709 796 830 846 tenetur
843 787 883 846 ad
896 787 1032 867 restitut

64 868 203 927 tionem?
1021 870 1032 931 l

106 947 166 1006 111.
187 945 226 1005 R.
247 898 559 1015 Β19991199911919,
580 965 633 1005 seu
654 945 764 1004 inscius
788 945 826 1003 de
849 902 884 1003 re
907 906 1030 1006 furtivtl

63 1025 233 1105 participet,
253 1033 374 1083 tenetur
394 1023 458 1082 9919
476 1024 564 1084 919919
586 1025 630 1084 991
644 1036 780 1102 acceptae,
801 1023 939 1102 adeoque
959 1045 1008 1084 999
1029 1023 1032 1080 l

61 1106 120 1164 nisi
132 1103 307 1182 inquantum
318 1102 355 1162 (19
366 1123 399 1161 99
407 1103 503 1162 911999
511 1103 687 1181 participatu
698 1104 788 1163 habet
796 1103 826 1161 19
833 1123 865 1161 99
873 1103 919 1162 991
928 1105 1008 1180 aequi-
1022 1119 1032 1160 9

63 1185 194 1244 valenti:
224 1185 250 1242 si
264 1202 337 1253 9999
350 1182 508 1251 99919119,
529 1183 713 1242 9999999199
728 1183 765 1241 de
779 1202 812 1241 re
826 1183 940 1241 furtiva
952 1202 1009 1259 par·
1030 1191 1032 1238 ὲ

64 1264 180 1342 9191999,
212 1262 300 1320 simul
323 1260 474 1320 tenebitur
496 1263 585 1321 titulo
614 1262 733 1342 iujustas
756 1261 938 1339 acceptionis
964 1262 1032 1340 prol

64 1353 151 1422 parte
166 1342 279 1401 99111999
296 1351 426 1418 accepta.
1031 1341 1032 1347 ’

107 1423 157 1481 Α9
169 1433 215 1480 999
228 1421 409 1498 participans
422 1420 453 1479 19
467 1439 510 1494 99,
524 1421 576 1503 qui
590 1420 696 1491 afure,
710 1440 739 1479 9.
747 1439 777 1498 g.
790 1419 897 1497 recipit
906 1418 1012 1497 justum
1027 1422 1032 1477 i

63 1501 267 1562 solutionem?
1028 1520 1032 1557 ε

107 1581 163 1640 IV.
184 1581 223 1641 R.
244 1580 278 1638 19
293 1579 397 1656 primis
413 1599 471 1640 999
487 1579 558 1638 11999
575 1579 709 1657 99919999
723 1579 753 1637 19
768 1577 950 1638 solutionem·
960 1597 1013 1649 999,

64 1681 132 1741 quae
146 1659 242 1718 adhuc
252 1658 349 1719 alieno
363 1659 495 1719 dominio
504 1670 574 1718 sunt
587 1659 736 1737 subjectae,
758 1678 786 1716 9.
799 1678 829 1736 g.
849 1666 950 1717 vestes
959 1657 1014 1716 fur·

65 1742 154 1801 tiras.

108 1818 301 1897 Regulariter
312 1829 409 1877 tamen
420 1819 491 1878 licet
499 1818 633 1896 accipere
645 1817 824 1876 solutionem
836 1835 875 1874 ex
885 1816 1014 1893 pecuniis

64 1901 151 1969 19919,
164 1899 219 1957 9991
233 1898 380 1975 accipiens
391 1900 512 1957 timeret
524 1899 603 1956 19999
616 1898 756 1976 pecunias
766 1896 840 1954 furis
852 1898 943 1954 etiam
954 1915 1016 1955 esse

65 1979 208 2037 199919999
228 1977 298 2057 quia
311 1979 442 2054 9999919
456 1976 514 2035 illae
526 1977 645 2037 furtiva
657 1998 710 2054 per
730 1987 748 2015 “
759 1975 1018 2036 commixtionem

63 2057 253 2119 transierunt
277 2058 307 2113 19
329 2055 492 2114 dominium
516 2056 601 2127 furis,
622 2068 657 2116 ut
670 2056 821 2134 colligitur
841 2074 881 2112 ex
901 2055 971 2133 lege
986 2055 1019 2114 Si

62 2153 180 2196 999999
210 2153 329 2206 nuum,
362 2137 410 2193 78.
440 2136 549 2213 digest.
577 2135 647 2195 “de
672 2134 892 2195 solutionibus”
926 2137 952 2193 1.
971 2135 1020 2192 te

65 2217 115 2276 919.
136 2219 165 2273 3.

114 2296 146 2354 Si
168 2305 267 2354 autem
281 2303 442 2365 constaret,
463 2295 543 2372 quod
556 2293 625 2354 talis
639 2315 698 2354 999
718 2295 835 2353 9199999
848 2292 905 2352 9191
920 2294 957 2353 de
978 2293 1023 2350 in·

63 2377 149 2454 juste
164 2375 324 2456 acquisitis,
345 2394 403 2432 non
417 2394 482 2433 esse
502 2375 615 2432 licitum
629 2373 667 2433 ab
681 2374 733 2432 illo
753 2374 932 2433 solutionem
946 2372 1022 2431 acci-

64 2466 149 2534 pere,
170 2464 237 2513 9999
248 2453 305 2512 illae
317 2454 448 2530 99999199
464 2455 523 2512 9199
537 2455 566 2512 19
578 2454 676 2532 999919
689 2453 802 2513 alienus.

111 2534 255 2594 Similiter
275 2533 346 2591 licet
365 2532 544 2610 regulariter
557 2533 656 2592 afure
677 2534 810 2610 accipere
830 2533 1022 2592 donationem

64 2614 124 2684 rel,
144 2633 210 2692 quae
221 2623 337 2672 nonest
351 2613 380 2670 19
396 2613 494 2690 999919
503 2612 609 2683 911999,
623 2632 774 2691 perquam
785 2623 884 2670 tamen
898 2613 947 2670 fur
960 2632 1021 2671 999

49 2693 122 2751 aar
133 2694 281 2769 impotens
294 2693 332 2750 ad
344 2692 573 2761 restitutionem,
594 2711 649 2750 999
663 2691 691 2749 91
705 2711 775 2748 9999
793 2691 881 2750 (19999
894 2691 932 2748 ad
947 2692 1023 2750 ulte·

69 2773 133 2830 rius
141 2771 299 2830 furandum
311 2793 319 2829 2
339 2771 433 2829 multo
443 2774 537 2847 magis
548 2771 719 2848 igiturlicet
727 2771 785 2828 illis
794 2769 924 2828 vendere
935 2769 1022 2838 bona,

69 2852 236 2929 praesertim
248 2849 420 2920 immobilia,
441 2851 487 2907 vel
500 2849 622 2909 mobilia
633 2870 697 2929 quae
712 2860 876 2918 servantur,
891 2869 956 2906 cum
969 2867 1023 2926 per

70 2940 257 2988 contractum
274 2930 436 3008 emptionis
449 2930 546 2989 9919919
566 2929 640 2988 fiant
653 2931 842 3007 impotentes,
858 2948 945 3006 quam
969 2947 1023 3005 per

70 3008 256 3069 donationes.

112 3085 203 3148 Dicta
224 3087 262 3145 de
285 3087 401 3146 furibus
422 3086 563 3166 applicari
578 3098 702 3166 possunt
713 3087 868 3158 usurariis,
895 3086 1021 3165 aliisque

65 3168 123 3248 'qui
140 3189 178 3229 ex
189 3166 337 3245 injustitia
349 3167 463 3225 lucrum
477 3167 599 3225 faciunt.

66 3244 70 3255 '
114 3248 190 3322 Quis
205 3246 314 3304 dicitur
327 3246 506 3324 participans
520 3247 550 3303 in
564 3247 680 3305 actione
690 3245 812 3304 alterius
827 3244 960 3324 injusta?

69 3326 72 3332 ’
113 3327 153 3388 V.
174 3327 212 3386 R.
233 3327 290 3401 Est
303 3325 425 3404 duplex,
453 3345 529 3383 unus
549 3326 600 3406 qui
620 3325 791 3403 accipiendo
804 3336 920 3402 partem
936 3344 975 3382 ex
989 3343 1021 3382 99

63 3407 194 3476 furtiva,
214 3415 337 3464 eatenus
350 3405 462 3462 animat
469 3404 554 3464 fures
566 3406 604 3464 ad
619 3404 888 3464 damnainferenda
900 3402 948 3462 vel
963 3422 1022 3461 uon

69 3485 271 3546 restituenda:
305 3485 361 3542 hoe
382 3485 445 3543 fere
469 3504 587 3563 semper
606 3484 705 3545 locum
728 3484 826 3553 habet,
855 3485 927 3543 dum
956 3484 1022 3562 quis

66 3567 201 3626 99199999
212 3584 252 3624 ex
265 3584 299 3622 re
311 3564 423 3623 furtiva
436 3565 611 3642 participat;
632 3566 703 3645 quia
716 3566 862 3644 9999999τί
886 3564 916 3622 19
941 3583 1021 3633 casu,

65 3643 598 3750 9999199999991991999999999199.
805 3677 807 3681 >
