2160 4034
327 153 371 196 nr
391 150 473 196 rnna
492 148 536 196 rr
556 148 713 207 restrrn.
966 134 1005 195 et

42 286 52 299 -
84 256 116 315 ll.
137 258 191 314 20.
216 256 252 317 Si
266 258 345 318 aetio
359 278 412 318 seu
426 274 504 336 opus
523 257 564 317 sit
584 256 718 316 debitum
733 274 773 315 ex
787 257 846 315 alia
858 256 1004 320 vir-tutet

95 335 148 393 itis
163 334 321 408 distincta,
342 357 391 397 res
404 357 459 416 per
473 339 594 397 modum
608 336 699 415 pretii
713 354 768 413 pro
783 355 820 395 ee
834 337 905 396 data
925 348 998 398 tune

37 413 41 450 ¹
74 414 112 472 bit
127 415 270 486 restitui,
293 418 411 495 quando
427 436 503 495 opus
518 437 571 476 seu
585 416 663 475 actio
677 435 737 473 non
752 427 798 474 est
812 418 910 494 pretio
923 420 1003 478 eati·

98 492 164 564 ilis,
175 514 208 552 v.
218 514 249 572 g.
263 496 289 552 si
300 496 353 555 fiat
363 497 427 555 sine
437 496 550 566 labere,
566 496 630 553 nine
641 505 771 572 sumptu,
786 495 850 554 sine
859 497 1000 574 periculo,

92 582 130 630 ιιι
146 574 174 631 si
191 575 265 653 quis
285 575 433 654 aeeiperet
452 576 592 653 pretium,
613 584 649 632 ut
665 574 804 633 ostendat
817 575 925 648 locum,
946 577 998 635 nbi

67 650 190 711 liteseit
204 654 269 724 fur,
283 655 332 712 vel
346 654 398 714 ubi
412 655 534 714 oeenltee
549 663 618 713 snnt
633 671 682 712 res
695 653 823 712 furtivae.

69 729 134 790 lli.
151 734 206 790 30.
224 733 257 792 Si
266 742 365 793 autem
377 754 452 812 opus
463 734 606 804 debiturn,
615 751 678 813 non
685 730 856 810 exjustitia,
866 747 1000 797 maneret

98 809 131 870 ‘o
141 812 336 882 aestimabile,
346 833 374 872 v.
382 834 412 891 g.
422 814 491 892 quia
500 812 709 892 periculosum,
720 812 769 870 vel
778 832 935 872 onerosum
945 825 1000 887 est,

82 908 177 968 apro
193 912 235 952 en
248 894 396 970 recipiens
410 893 540 971 pretinm
557 901 658 971 potest
670 911 805 969 peecare,
829 893 881 951 sed
895 912 997 972 aecep-

37 980 94 1029 nm
116 990 183 1028 nen
205 980 330 1030 tenetur
351 974 520 1043 restituere,
539 973 583 1031 ita
600 988 628 1028 v.
642 990 672 1049 g.
690 990 750 1029 nnn
772 981 891 1032 tenetur
911 974 998 1031 resti·

100 1069 119 1109 e
142 1050 338 1122 Advocatus,
361 1052 386 1110 si
408 1071 462 1130 pre
484 1051 652 1131 patrocinio
671 1051 800 1128 pretium
814 1052 962 1131 reciperet
982 1055 1001 1112 b

93 1148 181 1206 pere,
194 1132 246 1189 eui
261 1150 301 1190 ex
315 1131 460 1190 charitate
473 1131 567 1209 gratis
581 1131 726 1189 inservire
740 1130 906 1190 tenebatur.

78 1208 132 1268 lv.
151 1211 211 1267 40.
233 1209 424 1270 Generaliter
437 1214 503 1289 qnis
517 1230 577 1269 non
592 1219 712 1269 tenetur
725 1211 885 1270 restituere
896 1231 998 1290 aeeep·

113 1306 174 1367 pre
190 1309 287 1367 opere
298 1289 408 1362 debite,
420 1291 484 1350 sive
494 1311 533 1349 ex
542 1289 671 1369 justitia,
685 1290 749 1347 sive
758 1309 797 1348 ex
808 1290 866 1349 alie
876 1291 997 1363 virtute,

60 1368 209 1438 'eonstet,
224 1368 301 1429 illud
315 1380 421 1448 sponte
435 1390 470 1429 ae
481 1370 647 1430 liberaliter
656 1368 749 1427 fnisse
759 1369 920 1439 denatum3
940 1372 998 1430 nisi

120 1447 265 1525 positivis
284 1450 431 1529 arripiens
451 1450 590 1509 inhabilis
604 1449 644 1507 sit
662 1447 700 1507 ad
720 1450 934 1526 acquirendum
953 1451 999 1509 rei

57 1524 153 1586 lenate
179 1526 360 1600 dominium,
382 1531 427 1588 nti
440 1540 487 1589 eet
500 1548 528 1588 r.
541 1548 572 1608 g.
587 1526 684 1607 judex
704 1540 843 1607 respectu
864 1530 995 1589 muneris

59 1606 221 1683 arripiendi,
236 1607 343 1667 saltem
356 1610 456 1687 magni
469 1609 623 1669 momenti.

80 1686 133 1743 ffie
148 1686 179 1743 si
195 1696 288 1764 pater
300 1687 412 1766 aliquid
426 1686 589 1747 liberaliter
609 1688 636 1746 iit
658 1688 688 1746 in
708 1689 862 1766 praemium
876 1688 998 1747 virtutis

116 1767 207 1836 ittet,
224 1776 279 1826 aut
290 1766 341 1826 det
353 1767 426 1838 filio,
440 1777 474 1827 ut
484 1769 581 1827 affinio
591 1786 645 1826 sue
656 1766 714 1825 rite
725 1766 876 1844 fungatur,
890 1767 998 1826 studiis

89 1844 175 1903 riter
189 1845 356 1918 incumbat,
378 1848 430 1907 &a
450 1845 540 1906 herus
560 1846 682 1919 famulo,
703 1855 738 1904 ut
758 1846 860 1906 seduib
880 1846 996 1925 vigilet,

73 1923 78 1937 ’
92 1943 107 1982 s
121 1925 152 1982 a
168 1924 308 1983 famulus
322 1946 357 1985 ea
371 1935 495 2004 possunt
509 1929 649 1985 retinere.

72 2002 167 2061 Dicta
181 2003 227 2061 de
242 2005 359 2064 actione
369 2004 470 2064 debita
480 2005 619 2064 similiter
628 2003 771 2082 applicari
785 2004 896 2064 debent
909 2005 997 2064 emis-

54 2080 105 2140 inni
120 2080 263 2160 alieujus
278 2083 402 2142 aetionis
416 2083 534 2155 debitae,
555 2083 603 2142 vei
624 2103 662 2140 ex
678 2082 807 2160 justitia,
829 2093 862 2143 ιιι
879 2103 938 2142 non
952 2083 999 2142 iu·

48 2161 124 2232 tndi,
140 2181 213 2220 non
232 2160 417 2234 detrahendi,
432 2165 484 2222 &e
498 2162 546 2223 vel
562 2182 600 2222 ex
617 2162 676 2221 alia
688 2161 809 2232 virtute,
824 2172 859 2221 ut
868 2183 928 2223 non
937 2162 999 2223 for-

45 2240 161 2310 imarii,
177 2260 246 2301 ιιοιι
262 2260 296 2301 se
311 2242 488 2315 inebriandi,
502 2247 553 2302 &e
568 2261 634 2302 eum
648 2240 688 2300 sit
701 2260 756 2320 par
768 2242 856 2301 ratio.

79 2479 125 2537 N.
149 2481 209 2539 57.
253 2480 329 2540 UBI
351 2479 706 2541 RESTITUENDUM
728 2479 785 2540 ΕΤ
807 2480 941 2542 OUJUS

404 2559 645 2619 EXPENSIS?

41 2717 59 2774 l.
90 2717 153 2777 Ubi
175 2720 354 2778 restituendo
379 2717 471 2777 debita
497 2739 532 2778 eo
550 2727 703 2777 cononem.
745 2716 787 2776 ΙΙ.
816 2717 939 2777 Ratione
958 2721 999 2791 rei

211 2809 341 2876 oeeeptae.
382 2797 442 2859 ΙΙΙ.
462 2797 507 2859 Et
525 2799 637 2875 letata
656 2798 834 2877 acceptetis.

78 2956 101 3014 l.
122 2957 256 3016 RESP.
279 2948 324 3014 iii.
346 2957 401 3027 Ea,
424 2973 490 3035 quse
511 2955 658 3014 debentur
679 2975 718 3015 ex
739 2963 901 3025 contractu,
922 2954 999 3014 solvi

50 3035 149 3094 debent
164 3037 199 3093 in
216 3055 255 3094 eo
273 3035 348 3106 laen,
372 3038 399 3094 8ι
419 3035 484 3114 ejus
503 3035 650 3112 expensis,
671 3044 761 3113 prout
775 3034 865 3094 tacita
880 3032 926 3092 rel
948 3055 1000 3095 ex·

52 3118 139 3252 praesse
165 3125 351 3174 conventum
375 3125 429 3188 est,
455 3116 503 3175 vel
524 3116 600 3173 sicut
621 3115 749 3192 leges&
771 3113 999 3174 eonsuetudines

37 3204 39 3209 '
104 3215 174 3253 rum
192 3193 365 3254 observant.

84 3273 121 3333 ll.
143 3277 198 3332 2⁰.
215 3274 251 3335 Si
262 3273 301 3332 sit
313 3274 464 3332 restitutio
474 3274 576 3333 stricte
589 3272 677 3343 dieta,
692 3275 765 3332 &ea
775 3270 876 3333 debita
886 3273 926 3331 sit
936 3273 999 3332 selo

57 3353 128 3413 titulo
143 3353 193 3412 rei
208 3363 350 3430 acceptae,
372 3374 451 3411 nune
472 3352 556 3412 bonae
577 3353 646 3411 fidei
666 3371 829 3430 possessor,
851 3352 901 3410 ubi
915 3351 999 3410 novit

58 3452 102 3491 rem
117 3452 190 3492 esse
203 3432 344 3502 alienam,
359 3433 511 3502 satisfacit,
526 3434 551 3490 si
565 3432 713 3491 custodiat
726 3438 752 3491 tr
765 3439 925 3510 praesentet
934 3449 998 3489 rem

61 3513 176 3584 lemine,
187 3532 259 3571 eum
272 3511 430 3581 ntenendo,
446 3522 478 3570 ut
489 3513 645 3589 significet,
660 3513 808 3590 quomodo
819 3517 845 3570 δι
854 3510 912 3589 qub
926 3509 1000 3569 velit

60 3591 96 3647 tlt
108 3611 176 3649 rem
191 3590 321 3660 remitti,
335 3590 425 3668 idque
439 3593 577 3669 expensis
591 3591 684 3669 ipsius
698 3591 809 3650 domini
819 3609 904 3665 anon
916 3589 997 3648 enim

60 3671 160 3744 gravari
172 3669 268 3731 debet
279 3669 363 3730 bonae
374 3670 443 3731 fidei
455 3690 617 3748 possessor,
627 3671 678 3750 qui
689 3670 874 3748 culpbearet.
915 3668 996 3727 Hine
