2160 4034
62 132 119 202 18⁰
442 150 633 200 erueremus

60 258 194 339 ungulum
203 259 252 317 86.
260 256 339 336 jurio
348 257 379 316 iu
388 261 416 318 6.
424 257 575 332 domnum,
585 257 667 339 quod
676 254 900 339 quieonfloulpt
909 255 1003 329 uertit,

62 339 119 403 siti
131 337 223 398 debet
235 357 294 395 nou
305 336 372 396 aliis
385 337 541 417 imputare·

103 419 155 478 Au
168 416 323 476 consulens
336 417 434 477 ‘minus
444 418 554 477 molum
567 427 672 497 pareto
682 415 794 478 inferre
807 415 915 494 majus,
929 423 1006 479 tene·

62 496 425 558 turudreetitutionem?
812 497 819 510 '

105 576 162 638 lv.
182 575 221 636 R·
244 577 290 634 1⁰.
311 573 372 650 Qui
387 576 550 637 effioneiter
558 576 756 636 determinato
770 575 808 634 ed
822 572 1008 636 inferendum

64 655 152 716 olieui
165 673 299 733 porsouae
314 655 516 716 determinatae
531 655 627 734 majus
640 657 759 724 malum,
769 654 899 713 consulit
914 651 1011 719 mium

64 735 163 798 eidem
176 734 364 793 inferendum
377 755 414 795 oo
427 737 536 807 animo,
550 746 584 793 ut
593 733 687 813 majus
698 743 824 804 avertat,
835 733 917 812 quod
925 730 1011 792 aliter

64 823 201 876 avertere
222 833 281 872 non
295 824 405 892 potest,
426 834 484 873 nou
499 825 619 874 tenetur
633 814 672 874 od
691 814 913 874 restitutionem
926 811 1011 872 istius

65 893 168 955 damni
180 893 321 962 minoris;
334 894 405 972 quio
417 914 481 953 rem
489 894 696 953 damnificandi
707 893 822 953 utiliter
832 893 922 970 gerit.
944 891 1012 951 Hoe

65 973 145 1034 feoto
159 973 295 1032 excusari
308 984 408 1052 potest
419 973 537 1046 Ruben,
561 974 669 1034 Gener.
683 993 747 1051 cap.
760 975 810 1030 37.
824 973 914 1030 ι·.22.

106 1052 202 1113 Aliud
223 1063 277 1122 est,
298 1053 324 1110 ei
347 1053 515 1114 consuleret
540 1053 638 1112 minus
661 1053 771 1112 malum
794 1071 890 1130 provo
904 1051 1016 1123 auimo,

66 1141 140 1212 puto
150 1142 186 1193 ut
199 1131 277 1191 ulter
288 1131 404 1191 facilius
418 1133 466 1192 vel
480 1134 574 1192 tutius
584 1133 641 1191 hoo
654 1132 763 1211 exequi
777 1134 882 1208 possit.
918 1179 920 1183 ,

106 1214 154 1270 2⁰.
169 1210 202 1271 si
215 1211 327 1270 volenti
342 1212 452 1271 inferre
466 1211 604 1291 dnrunum
626 1212 712 1271 alicui
734 1230 867 1291 pereonae
883 1210 1013 1269 indeter-

66 1290 195 1361 minate,
217 1289 352 1364 consulit,
377 1291 507 1350 utillud
532 1292 649 1362 inferet,
673 1311 701 1348 v.
712 1311 741 1369 g.
764 1291 874 1358 Petro;
895 1299 1011 1351 terretur

68 1369 160 1429 Petro
175 1369 213 1429 de
226 1368 334 1429 damno
348 1369 448 1440 illot03
463 1370 533 1449 quio
545 1380 592 1431 est
602 1390 674 1431 vere
683 1389 779 1440 coust,
794 1390 846 1427 eur
859 1368 1022 1428 medetur-¹

67 1449 197 1507 minatus
208 1447 422 1508 damnificetur.
510 1451 513 1457 ”

107 1530 155 1587 30.
178 1528 238 1603 Qui
253 1538 357 1605 pareto
371 1548 462 1606 grave
476 1528 614 1587 damnum
631 1529 742 1588 inferre
750 1526 872 1599 Joanni,
887 1517 1022 1588 contulit*

67 1615 103 1665 ut
112 1607 213 1687 potius
228 1607 320 1665 Petro
333 1607 443 1668 inferat
455 1607 560 1679 levius,
584 1618 703 1667 tenetur
719 1609 811 1667 Petro
821 1606 859 1667 ud
869 1597 1022 1667 restituti-¹

69 1705 172 1757 onem3
186 1687 257 1764 quia
266 1695 312 1745 est
321 1706 394 1746 vera
407 1705 495 1746 oeuse
508 1687 607 1747 domni
620 1688 712 1747 Petro
725 1686 820 1746 illati:
834 1683 917 1746 eliud
927 1697 1006 1766 eeeet,
1020 1756 1022 1763 Ι

69 1765 95 1823 ei
106 1765 243 1825 domuum
259 1767 385 1828 Joannis
399 1766 485 1836 aliter
505 1767 601 1827 everti
615 1787 674 1826 non
688 1767 792 1847 possit,
816 1765 1007 1844 domnumque

70 1843 156 1904 Petri
169 1854 249 1904 esset
262 1855 322 1903 tam
336 1844 412 1916 leve,
435 1855 470 1904 ut
483 1844 520 1905 eb
534 1846 599 1923 ipso
619 1845 649 1904 in
664 1847 792 1926 gretiam
806 1846 934 1908 Joannie
946 1865 1008 1905 oon·

69 1923 270 1994 temnendum,
285 1923 333 1983 vel
347 1926 365 1983 o
378 1926 496 1986 ‚Ioanne
511 1926 760 2003 compensandum
766 1925 963 2003 judicaretur.

108 2005 156 2061 40.
178 2004 239 2078 Qui
253 2003 366 2062 volenti
379 2004 491 2075 inferre
499 2004 639 2063 damnum
654 2007 746 2064 Petro
758 2011 784 2064 δι
794 2003 896 2074 Paulo,
912 2023 1010 2063 eonsu-

68 2081 105 2141 lit
117 2093 152 2142 ut
167 2082 261 2142 Paulo
274 2093 385 2159 pareat,
399 2093 521 2143 eotenus
535 2103 594 2142 non
608 2083 681 2143 feeit
696 2085 789 2143 Petro
798 2083 948 2163 injurium,
958 2084 1012 2143 uiri

68 2163 233 2240 praevideat
248 2163 371 2221 Petrum
387 2163 497 2223 ideireo
511 2165 607 2242 magis
618 2163 869 2223 damnificandum
883 2163 962 2222 fore.

109 2243 157 2298 50.
179 2241 240 2313 Qui
254 2261 347 2319 capax
357 2243 502 2322 impedire
511 2263 598 2303 omne
607 2243 758 2314 damnum,
776 2241 904 2302 consulit
918 2242 1012 2313 elicui,

68 2327 102 2379 ut
115 2320 224 2379 inferat
237 2321 335 2379 minue
349 2321 446 2381 eidem
456 2342 602 2400 persono,
613 2323 661 2380 cui
670 2322 765 2402 majus
775 2322 881 2382 fuisset
889 2321 1012 2395 illatum,

45 2413 48 2420 ·
66 2410 169 2476 peceat
180 2401 206 2457 &
218 2399 257 2458 nd
271 2401 489 2460 restitutionem
501 2412 621 2462 tenetur

107 2480 158 2538 An
173 2479 211 2538 od
230 2480 451 2539 restitutionem
466 2469 594 2553 tenetu'r,
621 2482 671 2563 qui
694 2491 798 2559 parato
814 2482 954 2540 damnum
972 2482 1013 2540 in-

67 2558 248 2628 ferrehodie,
276 2559 413 2629 consulit,
424 2570 458 2618 ut
472 2561 546 2622 illud
558 2563 658 2640 potius
672 2560 782 2620 inferat
796 2563 883 2620 oreo?

108 2638 148 2699 V.
162 2638 201 2698 R,
215 2638 389 2709 Teuebitur,
404 2639 430 2698 si
444 2642 514 2702 vere
526 2641 661 2700 consulut
675 2640 823 2711 damnum,
840 2661 901 2699 non
916 2641 1013 2700 animo

68 2716 258 2794 impediendi,
274 2718 326 2777 sed
337 2720 480 2796 quinctus
491 2721 549 2779 erit
560 2721 772 2800 opportunius:
787 2721 858 2778 item
870 2721 895 2778 si
905 2721 1014 2798 impru-

69 2794 175 2854 denter
185 2808 326 2875 suggerat
340 2799 460 2856 modum
475 2800 663 2859 securiusvel
677 2800 770 2859 tutius
779 2799 998 2858 damnificandi.

107 2874 179 2933 Nou
193 2877 352 2946 tenebitur,
362 2879 387 2936 si
398 2878 532 2938 consulat
540 2880 712 2939 dilationem
722 2880 821 2938 animo
832 2879 1014 2956 impediendi

68 2953 217 3025 domnum,
228 2975 256 3014 ve
269 2976 299 3034 g.
310 2957 380 3034 quio
393 2969 493 3035 sperat
506 2979 571 3018 eras
580 2960 749 3019 defuturam
765 2959 962 3029 occasionem,
969 2959 1017 3017 vel

67 3033 143 3093 furis
157 3036 285 3093 animum
301 3038 484 3097 mutandum.

109 3114 160 3172 An
175 3114 225 3192 qui
239 3125 343 3194 parato
367 3117 477 3177 inferre
492 3117 630 3178 damnum
653 3117 868 3196 quinquaginta
886 3117 1016 3178 floreno·

68 3212 144 3263 rum,
172 3195 307 3266 consulit,
335 3205 369 3254 ut
390 3197 499 3256 inferat
523 3199 662 3257 domnum
685 3207 803 3256 eentum
823 3197 1014 3266 florenorum,

67 3282 206 3333 teneatur
219 3274 257 3333 de
267 3275 384 3333 eentum
394 3275 538 3337 florenis?

11 3358 15 3371 '
109 3353 165 3414 VI.
186 3355 225 3414 R.
246 3354 443 3426 Affirmative,
464 3358 490 3415 si
503 3357 642 3417 nimirum
656 3356 753 3415 minus
768 3357 907 3416 damnum
922 3358 948 3414 ἃ
963 3376 1013 3415 ex·

68 3449 167 3496 cessus
189 3432 240 3494 ille
263 3435 452 3494 consulantur
473 3456 527 3515 per
547 3437 668 3496 modum
683 3437 786 3507 unius3
808 3437 876 3514 quin
897 3446 968 3495 tunc
982 3437 1011 3493 in

60 3521 163 3572 totum
175 3514 314 3573 domnum
325 3515 438 3574 influit:
459 3518 485 3575 si
499 3527 597 3576 eutem
608 3518 705 3575 minus
718 3517 858 3575 damnum
867 3515 907 3574 sit
916 3515 1011 3594 dispu-

65 3602 165 3650 retum
184 3593 329 3672 umajori,
351 3596 431 3673 quod
453 3596 626 3668 oonsulitur,
645 3594 765 3656 videtur
782 3596 848 3654 fieri
861 3614 959 3675 posse,
980 3605 1011 3652 ut

65 3662 224 3735 eontulene
243 3673 274 3733 in
297 3673 370 3743 illud
392 3676 488 3741 minue
502 3676 642 3738 domnum
664 3695 725 3738 nou
746 3675 850 3737 influet
872 3685 1012 3754 tanquam
