2160 4034
59 138 120 198 800
314 194 317 209 ,
442 150 630 193 rasurarus
665 144 672 181 Ι

101 256 177 315 Hrac
189 255 240 314 lex
253 254 288 313 in'
297 253 389 314 variis
403 254 504 333 Belgii
523 256 597 316 locis
609 253 708 337 quoad
728 252 816 333 plura
829 271 889 312 usu
902 251 1009 310 servsri

61 335 148 406 solet,
175 334 233 393 nisi
256 335 337 413 quod
355 334 445 413 juxta
469 335 579 394 multos
604 335 759 394 Autboras
780 342 857 392 ratae
877 331 1009 390 sinantur

61 414 237 475 donationes
247 414 380 495 quaedam
389 416 512 474 minoris
524 415 671 474 momenti
686 414 765 472 iuter
778 411 924 480 eosdem
943 410 1008 469 item

62 492 238 553 donationes
260 495 431 572 juramento
458 493 598 553 linuatus
619 494 692 553 item
718 494 744 552 si
765 511 851 563 incus¹
876 488 1007 565 donautls

61 573 237 642 intercedat,
260 573 308 632 val
322 573 348 631 si
368 572 490 632 donatio
503 574 582 632 facta
593 573 635 632 sit
647 573 685 632 ad
698 568 951 632 remunerandam
965 564 1006 627 ali·

63 671 151 732 quarn
166 652 339 731 qualitatem
354 653 383 710 in
398 653 493 713 altero
507 652 644 731 conjuge,
664 671 693 711 v.
702 670 732 730 g.
746 650 829 730 quod
843 651 884 715 sit
897 645 1004 719 nobilis,

62 732 187 791 multum
198 731 371 804 industrius,
385 733 437 790 &a
479 732 586 792 Videri
599 742 700 811 potest
714 730 896 793 Stocluuans
911 724 1002 787 decisi·

63 830 120 871 one
133 814 182 870 60.

104 890 163 950 111.
185 889 329 951 Similiter
339 889 496 970 perlegem
510 892 557 949 ll.
584 890 704 950 Codicis
712 889 772 969 leg.
781 890 811 949 8.
820 887 1003 947 liutestor-

64 979 198 1040 tumeat,
221 989 259 1028 ne
270 979 358 1047 pater
369 969 467 1029 saleco
479 969 593 1048 aliquid
608 969 719 1029 donare
731 968 796 1027 filiu
809 986 870 1028 non
885 964 1000 1025 emanci·

64 1058 145 1129 pato,
156 1049 208 1109 sed
223 1048 299 1107 bene
319 1049 344 1107 ai
358 1048 560 1127 emancipatus
573 1051 622 1108 sit.
663 1048 756 1108 Ratio
768 1057 825 1117 est,
851 1045 924 1125 quia
936 1043 1003 1103 filius

62 1148 122 1188 non
134 1129 335 1206 emancipatus
348 1127 468 1187 fictione
477 1127 556 1206 juris
565 1139 613 1186 est
624 1138 684 1186 nna
697 1146 763 1187 curn
777 1136 864 1205 patre
877 1142 1003 1204 persona

65 1216 96 1266 et
108 1206 253 1290 quidquid
267 1206 403 1287 acquirit,
416 1208 596 1285 regulariter
609 1208 736 1287 acquirit
748 1204 838 1285 patri.
879 1240 885 1247 ·

106 1287 230 1347 iuterim
250 1286 326 1346 tales
350 1287 524 1349 donationes
538 1287 646 1346 iterum
661 1285 813 1356 valebunt,
827 1284 852 1344 si
866 1280 939 1343 fiant
950 1281 1003 1343 tlio

63 1384 123 1426 non
139 1366 323 1445 emancipato
345 1367 466 1425 iutuitu·
480 1366 550 1426 belli
564 1387 593 1424 v.
603 1386 633 1443 g.
654 1366 703 1424 vel
715 1364 828 1434 studii;
846 1362 920 1442 quis
935 1360 1005 1439 bons

65 1447 166 1505 statim
176 1445 252 1504 fiunt
261 1446 441 1514 castrensia3
453 1444 792 1511 autratioualidelitatis
801 1441 851 1502 rel
862 1440 1006 1518 obsequiic

65 1525 135 1606 quia
148 1524 270 1584 donatio
283 1524 611 1587 est're'mnneratiouis:
632 1525 704 1583 item
719 1525 744 1583 si
757 1533 843 1602 pater
857 1520 948 1581 addat
960 1512 1005 1581 do·

63 1605 177 1665 notioni
186 1605 399 1682 juramentum.

107 1684 163 1744 lv.
186 1684 303 1743 Pariter
317 1685 396 1743 circa
408 1683 538 1743 minores
556 1682 661 1742 statuit
680 1680 805 1742 Carolus
815 1681 854 1742 V.
868 1677 1007 1740 edictodc

63 1765 94 1824 4.
115 1762 256 1823 Octobris
285 1765 370 1822 1540.
393 1772 449 1821 art.
472 1766 501 1822 8.
522 1773 555 1821 ut
573 1761 749 1822 donationes
770 1761 808 1819 ab
832 1760 906 1839 ipsis
927 1759 1006 1819 ncta

64 1841 259 1912 curatoribus,
274 1862 415 1902 eorumve
428 1841 531 1905 liberis
552 1853 603 1900 aut
616 1841 796 1910 concubinis,
812 1841 876 1898 sire
890 1837 951 1898 sint
960 1836 1007 1896 do·

64 1921 201 1981 nationes
210 1923 390 1991 interrivos,
399 1921 576 1980 siremortis
585 1940 682 1991 causa,
693 1921 753 1979 sint
763 1915 1006 1996 irritae,quarndin

65 2000 205 2060 nimirum
217 2000 348 2059 curatela
357 2000 454 2071 durat,
465 2001 658 2060 narrationes
667 1998 880 2059 suntreddita.
900 1996 1009 2075 Excipe

66 2080 91 2138 si
112 2089 196 2138 tutor
217 2080 257 2137 sit
280 2090 374 2157 pater,
397 2090 503 2148 mater,
526 2099 609 2149 avus,
633 2080 709 2149 avia,
732 2079 827 2137 frater
848 2087 903 2136 ant
923 2094 1009 2136 soror.

66 2159 233 2218 Moderata
251 2158 447 2218 liberalitates
461 2179 534 2237 erga
544 2171 660 2219 tutores
672 2160 899 2238 permittuntur.
938 2153 1009 2216 Vide

69 2237 215 2297 Anselmo
229 2237 265 2296 ad
281 2237 408 2297 edictum
423 2250 611 2317 perpetuum.

104 2319 144 2381 V·
166 2319 319 2392 Quantum
328 2318 366 2377 ad
380 2319 519 2388 novitios,
538 2318 643 2378 statuit
658 2315 950 2379 concil-Tridsess.
962 2314 1005 2371 25.

64 2395 315 2475 ncltsgularibus
335 2416 398 2475 cap.
411 2400 473 2466 loa
496 2407 514 2436 ‘⁴
529 2396 737 2458 Nullanoritii
760 2394 946 2457 renuntiatio
965 2392 1008 2450 vel

66 2487 84 2517 “
98 2476 241 2556 obligatio
252 2477 433 2549 anteafncta,
448 2478 539 2537 etiam
552 2497 616 2539 curn
626 2472 807 2554 juramento,
822 2473 872 2535 vel
884 2473 915 2532 in
929 2471 1006 2531 faro·

65 2564 85 2604 ‘⁴
99 2576 172 2631 rem¹
184 2556 394 2648 cujuscumque
415 2556 471 2633 pin
489 2577 583 2616 causas
603 2555 709 2626 valeat,
729 2555 787 2614 nisi
805 2574 872 2621 curn
891 2550 1007 2635 licentia

66 2645 87 2684 ‘⁸
101 2636 243 2715 Episcopi
252 2636 315 2695 sive
325 2636 507 2714 eJusVicarii
520 2636 570 2694 fiat
579 2631 1009 2710 intruduosmensesproximos

68 2722 88 2768 ‘c
100 2713 172 2775 ante
182 2712 425 2793 professionem.”
447 2714 541 2797 idque
551 2712 629 2786 ideo,
643 2713 774 2775 referte
788 2712 921 2772 novitius
936 2708 1009 2769 bonit

67 2794 136 2854 suis
150 2794 311 2855 destitutus
324 2794 421 2853 minus
434 2793 528 2854 libere
543 2794 589 2856 vel
599 2794 708 2853 inritos
722 2792 923 2872 profiteretur.
965 2789 1009 2851 Po·

67 2882 129 2934 test
142 2883 241 2932 tamen
263 2868 367 2932 salide
386 2868 531 2933 conficere
555 2874 776 2947 testamentum,
797 2872 866 2952 quia
879 2889 936 2949 per
949 2866 1009 2929 illud

70 2972 130 3014 nou
146 2948 319 3012 destituitur
333 2953 418 3012 bonis
432 2953 502 3024 suis,
516 2972 551 3012 ac
561 2950 634 3012 illud
648 2963 777 3021 revocat,
791 2952 862 3010 dum
873 2949 982 3028 placet.

105 3032 162 3094 vl.
178 3032 317 3112 Plerique
329 3031 483 3092 Antbores
494 3033 610 3102 docent,
621 3030 735 3091 irritam
746 3050 811 3091 esse
820 3029 1009 3088 donatiouem

67 3112 245 3181 interrivos,
251 3132 309 3193 qua
315 3111 475 3192 quisalioui
488 3112 686 3172 donatomnia
694 3131 747 3170 sna
756 3111 834 3171 bona
842 3109 1009 3167 tarnfutnra

66 3210 155 3274 quam
163 3192 337 3269 praesentim
350 3193 421 3273 quia
430 3192 472 3250 sic
480 3193 615 3271 privatur
624 3201 771 3269 potestate
781 3187 921 3255 testandi,
931 3184 1009 3324 qnod

67 3272 178 3350 injure
191 3279 278 3348 turpe
292 3273 464 3330 aestimatur.
498 3271 592 3330 Aliud
602 3280 690 3343 essct,
705 3270 729 3328 si
741 3267 862 3328 donatio
876 3266 929 3326 illa
950 3274 1009 3324 acta

69 3352 110 3410 sit
122 3368 211 3410 causa
233 3350 348 3418 mortis,
398 3351 448 3409 ula
460 3350 517 3410 boc
530 3370 600 3409 casu
619 3344 717 3408 adbuc
739 3357 840 3427 potest
863 3346 1009 3405 instituers

69 3430 230 3499 breredern,
240 3430 290 3509 qui
300 3372 459 3488 detrdberc
467 3441 569 3508 posset
582 3439 600 3468 ‘⁸
611 3428 785 3499 falcidiam,”
795 3429 832 3487 de
842 3446 901 3508 qua
910 3436 1009 3505 postet

110 3509 242 3584 Quidam
255 3508 436 3580 existimant,
447 3511 618 3587 praedictam
629 3509 818 3569 donationem
829 3507 939 3575 valere,
948 3505 974 3562 si
983 3502 1009 3563 si*

64 3589 243 3670 juramento
250 3587 375 3659 firmate,
385 3588 435 3648 vel
444 3590 522 3648 iacta
532 3589 618 3649 sitnd
628 3590 693 3667 pias
703 3608 818 3656 causam
832 3585 911 3668 quod
921 3595 1009 3643 urunt

68 3669 170 3748 negat
183 3667 324 3747 Bngniou
334 3666 386 3728 lib.
395 3670 424 3728 2.
438 3688 502 3748 cap.
516 3672 545 3729 6.
565 3669 631 3737 “de
645 3668 778 3748 Legibus
788 3662 966 3745 abrogatis?
