2160 4034
93 116 154 176 alt
409 154 413 161 .
478 126 663 177 moranus
1059 39 1072 277 1

96 235 147 295 illa
157 231 313 310 diapoai'ti'o
327 229 417 290 edicti
427 248 487 289 non
501 231 609 290 anfficit
618 231 655 290 ad
666 230 832 290 tollendum
846 229 1037 309 Privilogian

93 315 151 394 pioe
165 330 268 380 cauae,
296 309 349 369 aed
363 310 531 388 specialiter
543 309 672 388 idipsum
685 308 838 369 debuisset
849 310 953 369 edicto
967 331 1039 370 coru·
1066 364 1072 379 ,

94 390 240 472 prehendi
250 415 258 456 ;
271 389 404 467 illudque
411 389 566 449 confirmat
573 390 719 467 rescripto
730 391 863 467 ipsorum
871 388 1037 469 Principum

94 474 165 532 dato
180 473 219 529 28
232 469 307 532 Julii
318 489 395 527 anno
413 471 497 527 1-621.
978 490 982 495 ·

135 551 216 609 Hinc
230 557 439 608 tentamentum
447 548 544 607 minna
552 545 685 605 anlemne
696 545 856 606 invalidum
867 546 969 626 quoad
979 567 1038 625 pro·

94 630 172 700 lana
199 638 300 703 manet
318 626 408 705 juxta
431 626 506 685 banc
530 628 706 685 sententiam
728 627 860 684 validum
882 627 983 706 quoad
995 629 1036 705 pia

95 710 211 788 legata3
230 718 320 788 atque
331 705 403 764 illud
416 705 573 764 manifeste
587 704 738 782 colligitur
748 725 786 763 ex
797 705 855 764 iato
872 706 1035 784 Principum

94 791 249 866 rescripto.
288 786 403 863 Estque
427 783 516 843 bodie
540 785 570 842 in
595 784 704 862 Belgio
731 785 905 855 admissum,
931 786 1033 847 fatente

97 867 271 929 Stockmana
293 863 442 923 decisione
465 865 513 921 to.
526 883 607 922 num.
624 866 649 932 1,
676 863 755 941 qudd
770 865 836 941 quia
857 865 937 923 mori
951 866 1032 942 poarit
1055 866 1072 939 d

93 966 149 1025 pro
160 956 245 1024 parte
255 953 391 1013 teatatua,
403 944 436 1000 'et
449 962 503 1019 pro
517 953 603 1020 parte
616 942 783 1001 intentatur.

135 1024 258 1084 Interim
273 1024 303 1081 in
326 1022 394 1079 foro
414 1032 541 1081 externo
563 1022 642 1080 certe
663 1021 895 1080 declarabuntur
915 1022 1032 1085 invalida

93 1114 274 1163 watarnanta
285 1101 323 1160 ad
331 1101 394 1178 pias
404 1119 516 1170 cauaaa,
530 1101 555 1159 ai
566 1100 597 1159 in
605 1101 650 1160 ein
659 1120 718 1160 non
728 1099 907 1160 observetur
914 1102 1032 1164 edictum

94 1184 165 1242 anni
181 1183 265 1252 1753,
286 1179 411 1239 relatum
425 1180 466 1241 N.
482 1182 529 1238 17.
1067 1186 1072 1240 1

95 1342 200 1402 nea.
240 1338 381 1406 nnus,
404 1338 481 1411 om
496 1310 687 1398 insnum
702 1337 795 1397 nun
815 1337 1032 1402 urnnnuus
1059 1332 1071 1407 t

357 1417 552 1507 insuunt
575 1417 783 1477 rossunn.
1061 1446 1072 1481 fl

92 1538 122 1613 l·
149 1540 256 1601 Tartari
275 1559 332 1598 uon
349 1548 478 1617 ponunt.
518 1536 562 1597 11.
587 1536 719 1601 Uarenteo
742 1559 796 1599 teu
809 1542 942 1600 ratione.
980 1540 1031 1602 ΙΙΙ.
1061 1510 1072 1587 l

91 1694 96 1701 ,
140 1620 352 1693 oteramo,
394 1616 449 1678 1v.
469 1614 607 1695 proauo,
647 1617 686 1678 v.
713 1616 853 1687 usuariis,
894 1619 954 1680 vi.
973 1600 1072 1699 rie-l

116 1701 248 1795 'pilimin
290 1697 363 1757 Vll.
382 1696 589 1791 Impuleriban‘
611 1695 719 1791 uvfll.
738 1696 862 1757 Olet-isia.
904 1698 965 1757 lx
983 1700 1032 1759 Re·

89 1852 94 1859 ·
132 1775 1034 1936 ffitdtfllmiilbmb‘ii'c'llitssmiffi

134 1935 229 2075 {gli²
248 1934 296 2031 Pe
309 1937 373 2072 pulpa
385 1936 487 1993 causis.
529 1933 619 1994 xlv.
645 1935 834 2007 Quandonm
855 1935 940 2000 liberi
951 1936 1033 2000 erle·

131 2035 148 2074 r
180 2034 323 2093 crepereo

133 2137 158 2196 1.
180 2137 343 2211 QUIBUS
356 2135 469 2195 licitum
484 2145 530 2195 eat
540 2145 751 2196 testamentum
765 2136 919 2197 condere?

131 2214 179 2277 R(
193 2217 366 2278 Generatim
389 2215 524 2274 omnibua
547 2216 615 2285 illio,
640 2216 898 2296 quiaufficicntem
913 2217 1034 2276 rationis
1070 2282 1072 2293 Ι

93 2297 317 2368 naum,&rei‚de
326 2305 547 2374 quateatantur‚
555 2296 777 2374 dispositionem
785 2294 912 2355 liberum
923 2296 1037 2356 babent
1070 2300 1072 2353 ἶ

90 2410 94 2415 -
132 2377 174 2436 ΙΙ.
195 2375 388 2434 Hincteetari
399 2394 456 2433 non
466 2386 567 2453 potent
580 2375 734 2434 sufficienti
744 2375 867 2433 rationia
877 2395 935 2433 nau
949 2375 1035 2434 deati·

91 2466 183 2527 tntua,
197 2454 330 2513 infirmus
341 2453 478 2524 delirans,
493 2464 544 2512 aut
558 2474 646 2512 ranna
659 2473 776 2513 amone:
790 2464 821 2511 et
834 2454 860 2512 ai
874 2456 1034 2532 contingat,

88 2546 125 2596 nt
135 2535 214 2595 inter
223 2533 392 2593 testandum
407 2533 483 2592 ratio
493 2533 602 2592 infirmi
616 2534 743 2604 deliniat,
764 2553 823 2591 non
844 2534 917 2593 licet
934 2535 966 2592 in
980 2545 1033 2593 tea·

88 2624 221 2674 tomento
234 2613 390 2672 aoribendo
409 2631 545 2689 pergere.

129 2694 244 2753 Amena
257 2693 369 2751 habens
381 2691 479 2750 lucida
492 2691 657 2761 intervalla,
675 2702 775 2770 potest
789 2692 904 2761 testari,
919 2693 1032 2770 qnando

92 2773 239 2834 sufficiens
252 2772 377 2831 rationia
391 2781 422 2829 et
430 2770 536 2849 judicii
551 2770 603 2829 lux
618 2770 647 2828 in
662 2770 818 2830 intervallo
833 2772 1017 2833 obaerrntnr.

132 2852 193 2913 Ill.
214 2853 374 2911 Arrcoecns
388 2850 492 2910 tentari
503 2851 626 2928 potent?

88 2976 92 2983 -
126 2931 166 2992 R.
186 2931 382 3000 Affirmativb‚
396 2940 427 2989 et
438 2930 557 3007 quidem
565 2928 801 2987 solemnitatibus
810 2929 979 3000 ordinariis,
1001 2939 1030 2990 ut

88 3011 176 3072 docnt
185 3011 362 3071 Stoclrruena
371 3009 524 3079 decisione¹
533 3008 620 3066 lead
630 3006 772 3086 majorem
784 3019 881 3067 tamen
891 3009 1030 3071 cautelam

88 3090 251 3170 prudenter
261 3088 422 3148 adhibetur
431 3088 537 3146 tertina
547 3087 642 3157 tertia,
653 3087 728 3145 sicut
739 3088 808 3147 olim
819 3089 1032 3149 JurcRomano

89 3171 120 3229 in
133 3179 312 3228 testamento
324 3169 396 3227 coeci
406 3165 601 3226 adhibebatur
612 3167 697 3224 testis
709 3179 839 3225 octavus.
969 3222 973 3227 .

131 3248 189 3310 lv.
210 3248 358 3325 Prodigus
369 3246 472 3306 testari
483 3265 542 3304 non
557 3256 665 3323 potent,
680 3247 737 3303 nisi
750 3246 888 3322 disponat
902 3247 1032 3324 cognatio

86 3329 209 3391 mittut
218 3327 319 3406 egenis
328 3327 419 3405 juxta
432 3326 597 3406 prudentiae
610 3324 744 3403 regulare
758 3326 810 3383 aed
822 3325 851 3382 in
865 3327 954 3385 variis
965 3326 1032 3384 locia

85 3417 231 3487 praeterea
243 3406 404 3545 rppniritur
414 3423 573 3464 consonano
586 3404 794 3482 Magistratus,
804 3405 853 3463 vel
866 3415 1033 3464 curatorum

89 3507 99 3547 r
123 3507 184 3545 arna
218 3506 282 3545 ror
317 3528 325 3544 .

101 3506 164 3627 pV.
179 3505 340 3625 [paragra.
353 3563 488 3643 publicus
496 3563 602 3623 testari
611 3582 672 3621 non
686 3562 857 3641 potestniai
868 3563 937 3623 antb
947 3565 1033 3624 reati·

85 3645 188 3787 tueri&
202 3645 456 3787 pal-(pullicientern
468 3644 637 3705 cantionem
648 3642 823 3723 proeatiterit
836 3644 874 3704 de
887 3644 1034 3704 restituti·

84 3743 143 3788 one
188 3744 253 3787 cren
275 3745 302 3786 a.
