2160 4034
65 154 125 211 176
466 165 654 217 manuos
746 180 750 189 ·

94 270 172 351 ·0bj.
194 271 220 331 1.
240 271 315 331 Com
330 270 452 331 beatio:
473 271 564 333 Balla
577 271 825 345 nmium
844 290 910 331 non
925 276 1001 333 estin
1045 274 1049 312 ¹

61 351 171 429 Bclgio
184 350 343 430 publicata,
357 369 412 411 nec
425 361 562 428 reccptar
582 353 732 429 orgulio.
1047 357 1049 379 ¹

100 431 141 491 R„
157 430 191 490 lu
202 430 307 508 primis
317 430 374 491 hoc
386 429 493 489 fulsum
508 440 571 500 ectr
584 450 652 491 nam
667 431 687 491 is
700 430 797 490 Paulo
807 431 848 492 V.
862 431 896 489 iu
908 429 1004 509 liclgic

59 510 154 589 recipi
176 508 316 569 mandata
336 519 393 577 eat.
414 519 449 569 nt
470 520 600 571 testatur
619 510 757 589 Synodns
780 509 1004 588 Autnerpienrii

60 589 115 650 sub
136 589 245 649 Mirum
264 607 341 649 anuo
364 591 450 647 1610.
468 589 518 649 tit.
536 591 565 648 ⁵.
578 608 642 668 cap.
663 591 727 651 123
745 588 1005 668 qnantum-'auten

61 668 157 729 illust.
169 668 323 729 Malderus
335 666 526 739 laboraverit,
540 680 574 729 ut
582 678 767 733 contimtum
781 668 863 729 bunc
873 666 1006 742 oboleret,

59 749 155 810 ret'ert
168 747 313 807 Anaelruc
326 749 358 806 in
372 745 564 809 Treboniam
572 747 703 826 -Belpico
716 767 783 827 cap.
794 750 845 807 46.

103 826 223 889 Deinde
236 827 305 887 talie
319 825 409 887 Bulla
421 846 481 887 uon
495 827 611 906 indiget
630 818 842 905 publicatione.
865 826 936 887 crim
945 846 1009 906 pm·

60 907 163 969 bibcat
182 926 246 967 rein
265 906 423 966 intrinseci
436 907 554 977 mulam,
575 917 759 967 contractam
775 906 895 967 scilicet
914 926 1010 967 nams-

61 987 150 1047 rium.
164 986 243 1049 Vide
254 986 429 1049 Numinis
438 985 573 1062 Lenibus.

102 1066 173 1145 obj.
195 1066 239 1126 11.
261 1066 333 1144 Cap.
348 1065 451 1126 Inuca
464 1082 602 1124 vnsrnns
620 1063 673 1124 lib.
686 1067 715 1124 4.
728 1065 776 1125 tit.
792 1067 839 1124 19.
855 1062 947 1140 jubet
966 1066 1010 1125 Iu·
1047 1138 1049 1143 Ι

59 1158 179 1207 nocent.
194 1144 255 1205 lll.
269 1157 303 1205 nt
318 1145 343 1205 si
357 1144 405 1202 vir
417 1145 458 1203 sit
476 1143 617 1205 decoctor
630 1154 682 1204 aut
695 1144 802 1204 tendat
815 1143 857 1203 ad
875 1145 1010 1223 inopiam,

61 1226 117 1287 dos
131 1225 234 1285 uxoris
247 1224 335 1284 alicui
348 1223 506 1283 mercatori
519 1223 732 1294 committatur,
750 1234 786 1285 nt
804 1223 845 1283 tle
864 1233 952 1301 parte
964 1223 1012 1284 bo-

60 1304 140 1366 nesti
151 1304 227 1365 lucri
249 1323 340 1363 oum
359 1302 540 1363 matrimonii
554 1303 602 1362 vir
614 1312 784 1367 sustentare
796 1303 914 1382 poscite
933 1305 1011 1385 utqui

61 1385 118 1445 hoc
132 1404 190 1443 non
207 1383 323 1442 videtur
336 1383 401 1442 fieri
415 1401 503 1461 posse
517 1381 629 1460 absque
639 1392 793 1445 contractu
807 1382 932 1460 triplici.

102 1464 142 1523 It
162 1462 312 1539 Negautlo
332 1461 557 1539 subsumptumr
584 1461 731 1520 intentum
755 1462 834 1520 cuim
861 1460 1011 1522 Pontificis

61 1553 109 1603 est
122 1552 248 1611 tantum,
272 1551 307 1600 nt
320 1540 374 1600 (loa
388 1540 521 1600 mulieris
539 1551 707 1619 exponetur
720 1539 828 1620 majori
852 1541 1011 1612 securitati,

84 1641 152 1681 unm
166 1630 231 1680 erat
245 1621 275 1679 in
288 1621 425 1680 munibus
440 1620 550 1691 mariti,
575 1620 655 1698 quod
675 1629 775 1698 potest
787 1619 857 1680 fieri
871 1619 1012 1681 tradendo

61 1643 163 1762 lutcus
177 1699 266 1760 alicui
280 1700 420 1779 prudenti
434 1704 591 1759 mercatori
612 1699 652 1759 ad
670 1699 928 1777 negotiationem
947 1699 1011 1761 licbt

61 1781 141 1842 cuim
155 1790 226 1839 trum
239 1779 294 1839 doe
307 1779 397 1838 ctiam
411 1777 499 1838 alicui
512 1778 646 1858 periculo
659 1789 836 1861 exponatur,
850 1778 1010 1839 hoctamcn

62 1861 122 1920 erit
134 1859 222 1937 longi
236 1860 342 1930 minus,
366 1859 455 1936 quam
477 1857 549 1918 dum
570 1868 617 1918 est
636 1860 668 1917 in
688 1856 824 1919 manibus
844 1858 950 1919 manti
966 1858 1011 1919 ‹lo-

166 1958 176 1996 1
1045 1960 1048 1969 .

63 1950 258 2094 milblflll.
280 2014 421 2095 Singulos
435 2036 474 2075 ex
488 2016 553 2075 istis
567 2016 662 2076 tribue
675 2015 1011 2079 contructibuteccrairc
1046 1974 1049 2069 l

64 2097 269 2159 consideretur
293 2105 340 2154 eet
358 2094 476 2174 justus:
496 2115 570 2174 ergo
584 2095 777 2163 etiamsimnl
796 2097 912 2174 sumpti
931 2107 1031 2157 erunt

58 2176 144 2258 justi.
185 2174 335 2235 Probatur
348 2194 487 2252 consent
499 2194 539 2234 ex
546 2174 800 2254 propositionibus
813 2176 896 2235 varie
908 2195 970 2236 non
983 2176 1013 2235 lit
1047 2224 1049 2229 .

61 2256 122 2319 nisi
141 2255 310 2334 copulativa
329 2273 418 2314 verua
438 2273 511 2334 crgo
532 2275 572 2314 ex
591 2255 688 2315 tribus
705 2254 909 2315 contractibus
924 2255 1013 2334 jrutit

63 2356 124 2397 non
138 2334 244 2395 11ιηὶιί
258 2343 427 2394 contractus
436 2334 547 2412 justus.
925 2390 929 2397 ,

105 2416 144 2475 R.
164 2414 313 2493 Negaudo
337 2425 493 2493 utramque
516 2432 636 2492 conseq.
659 2413 830 2490 Disparitus
858 2424 915 2486 cat,
939 2413 1012 2494 quod

64 2495 177 2556 viritas
191 2493 427 2572 propositionum
442 2493 577 2553 consistit
590 2493 620 2551 in
640 2492 822 2563 indivisibili,
842 2493 920 2553 adeo
934 2494 1014 2553 ntad

64 2572 280 2656 propositionis
304 2572 462 2633 raritatem
485 2573 665 2653 requiratur,
692 2581 727 2631 ut
749 2572 837 2650 plane
859 2575 1014 2637 conveniat

65 2673 132 2713 cum
158 2672 212 2712 suo
236 2654 407 2712 enuntiator
427 2651 481 2711 sed
501 2670 556 2730 pro
575 2649 695 2731 justitia
718 2651 889 2717 contructis
909 2652 1013 2715 sufficit

66 2730 363 2813 equalitas-morulis,
377 2750 442 2809 quae
454 2731 636 2801 auscultabat
648 2729 854 2801 latitudinem
871 2731 1015 2793 litantem

65 2831 106 2871 ex
119 2810 177 2869 ista
189 2810 357 2880 latitudine,
378 2821 413 2869 ιιι
425 2810 541 2879 facilins
550 2810 671 2889 justitia
683 2820 888 2871 contractuum
897 2824 1015 2872 ,everta-

65 2900 126 2959 tur‚
141 2889 210 2948 dnm
226 2910 301 2948 unus
316 2890 409 2949 initur
420 2889 458 2948 ab
473 2891 739 2967 unoextremo&
752 2888 879 2951 eliasub
892 2889 954 2950 alio
968 2911 1014 2951 ex·

66 2980 174 3039 tremo,
188 2989 222 3028 ac
235 2970 279 3028 ita
291 2968 401 3047 injusti
415 2970 669 3039 commisceantur.
789 3030 792 3035 ,

108 3048 259 3106 Praeterea
273 3068 331 3107 uua
345 3047 596 3127 propositionem
612 3068 671 3108 nou
684 3057 785 3126 potest
798 3047 957 3110 destruere
971 3070 1017 3109 na·

3 3164 7 3173 ·
67 3138 166 3191 turam
187 3126 309 3186 alterius
331 3128 543 3206 propositionis
561 3147 656 3187 uerae:
678 3127 732 3187 sed
752 3147 829 3187 uuus
849 3138 1017 3190 contractus

68 3207 224 3347 despuere
237 3216 338 3285 potest
357 3218 493 3267 naturam
514 3208 645 3279 alterius,
667 3217 702 3267 ut
721 3217 806 3286 patet
820 3208 848 3267 in
865 3219 1019 3271 contracta

66 3306 118 3347 mo
140 3296 215 3346 atra.
841 3322 846 3331 =

110 3367 232 3426 Dictum
253 3365 343 3425 estin
361 3365 559 3437 conclusione,
579 3375 764 3427 contractum
784 3365 934 3445 triplicem
956 3388 1019 3429 cssc

69 3446 216 3515 illicitum,
230 3445 301 3506 dum
314 3445 409 3505 initur
420 3467 485 3505 cnm
496 3448 590 3507 eodem
599 3467 723 3525 parturio
731 3472 743 3517 ,·
766 3447 837 3526 quia
849 3445 951 3507 licitus
965 3459 1020 3517 eet,

69 3526 94 3585 si
120 3524 261 3604 partiales
285 3534 453 3586 contractus
477 3527 615 3589 ineantur
634 3546 700 3587 cum
723 3526 850 3588 diversis
873 3528 1020 3606 personis,

69 3625 98 3665 r.
112 3624 141 3684 g.
156 3623 222 3665 curn
237 3625 296 3666 uno
310 3615 478 3667 contractus
499 3607 659 3679 societatis,
679 3625 747 3667 cum
759 3607 855 3669 citare
867 3625 1021 3668 assecura-
