2160 4034
328 179 372 223 nn
391 176 473 224 seua
491 173 706 223 aas-tumn.
934 164 988 223 1⁷1

274 363 316 424 N.
337 365 386 424 37.
425 365 487 425 DE
507 364 759 426 DERISIONE.

61 477 86 539 Ι.
104 480 233 544 Dcri‘sie.
276 485 309 544 ll
338 484 393 546 Fit
409 487 500 569 cumin
519 487 617 546 modin.
659 485 719 546 lll.
737 484 815 573 Ejus
830 487 968 562 munitae.
998 574 1001 579 ἢ

81 603 193 679 QUID
208 615 254 664 eat
266 604 401 666 derisio?
969 624 985 633 ’·

80 681 105 742 l.
126 683 246 743 Mn
268 683 384 754 vitium,
404 702 464 762 que
479 683 545 762 quin
561 682 690 763 jocando
705 681 808 761 objicit
827 683 914 743 alteri
933 684 973 746 ali

49 761 118 841 qnod
131 761 250 832 vitium,
265 771 298 821 nt
311 763 474 823 erubescat.

51 858 55 865 ’
77 836 203 901 Dicitur
214 851 233 881 ‘⁸
239 841 396 921 jocando,''
417 847 443 901 n
460 843 504 901 ita
516 842 614 920 quoad
627 842 748 902 modum
763 840 956 921 distinguitur
970 846 988 903 a

49 918 235 992 lunatione,
249 921 435 992 contumelia,
449 927 499 981 &a
513 942 578 998 quae
593 921 668 980 fiunt
681 922 767 981 scrib.

74 999 201 1059 Dicitur
214 1000 303 1060 etiam
324 1011 387 1059 “ut
407 999 588 1071 erubescat,’'
608 1020 667 1080 quo
689 1002 848 1060 denotatur
862 1001 936 1061 *finis
952 1021 986 1062 ac

49 1075 189 1156 nljectnm
202 1079 328 1139 formale
342 1074 510 1140 derisionis.

70 1157 201 1219 Derinie
229 1160 330 1240 itaque
357 1159 438 1218 tollit
460 1158 705 1238 tranquillitatem
726 1159 825 1230 animi,
853 1161 880 1217 in
908 1161 988 1237 parit

49 1236 290 1298 tabescentium:
310 1245 337 1298 a
347 1239 415 1297 hinc
424 1249 516 1318 patet,
530 1259 595 1298 esse
606 1239 732 1317 speciale
746 1248 907 1321 peccatum,
918 1238 985 1298 cdm

49 1314 331 1377 'intinetnmhabeat
342 1317 430 1378 finem
444 1320 462 1378 i
474 1318 533 1377 line
543 1317 729 1377 contumelia
742 1321 768 1376 a
782 1318 984 1380 detractionia

67 1394 209 1467 Derisio,
220 1398 296 1456 sicut
309 1397 344 1456 fit
357 1397 447 1456 variis
461 1396 566 1468 modis,
588 1397 630 1455 ita
644 1398 723 1456 varie
736 1397 926 1457 nominatur:

68 1474 117 1534 11.
143 1478 190 1534 10.
212 1478 287 1552 Quae
300 1477 335 1535 fit
348 1496 410 1542 ore,
431 1475 537 1554 verbis,
549 1487 600 1535 aut
614 1477 770 1545 cachinnis,
786 1475 895 1535 dicitur
914 1485 933 1515 “
944 1476 983 1535 ir·

49 1552 143 1614 nio?
164 1555 207 1614 sic
229 1555 339 1616 milites
359 1556 523 1616 irridebant
544 1556 695 1616 Christum
716 1556 888 1626 Dominum,
910 1556 984 1615 Luc.

49 1651 95 1713 ap.
120 1636 171 1694 22.
191 1635 230 1732 V.
243 1637 291 1738 fil.
305 1635 455 1725 dicentes:
475 1645 493 1674 “
506 1635 693 1714 Prophetiza,
717 1635 783 1714 quis
805 1645 860 1709 eat,
881 1637 933 1717 qni
952 1646 984 1696 te

61 1716 245 1853 &gilini
254 1803 362 1887 rugato
372 1814 454 1865 naso,
468 1793 618 1855 exerendo
628 1793 770 1872 linguam,
785 1802 983 1875 contorquen-

49 1872 72 1931 lo
85 1883 189 1951 caput,
207 1879 259 1932 &c
273 1874 382 1934 dicitur
405 1882 423 1912 ‘⁶
435 1873 657 1933 subsannatin:”
679 1874 721 1932 sic
741 1872 841 1935 Jndaei
861 1873 982 1932 subsan-

49 1951 145 2011 drunt
166 1952 318 2019 ‚Christum
342 1953 372 2011 in
394 1972 489 2026 cruce,
511 1954 605 2013 Marc.
624 1972 687 2032 cap.
708 1954 753 2011 15.
769 1953 807 2014 V.
821 1954 868 2012 29.
889 1960 982 2014 “mo-

49 2039 174 2092 ‘ueutee
187 2052 221 2090 ca
242 2033 285 2091 ita
298 2032 378 2092 sna.”
434 2073 437 2078 -

72 2112 122 2168 30.
155 2110 189 2172 si
215 2052 268 2171 liat
295 2111 392 2182 factis,
423 2112 532 2172 dicitnr
557 2120 576 2150 “
591 2111 714 2181 illusi0,’'
741 2117 767 2171 &
793 2113 835 2171 sie
861 2111 982 2185 milites,

49 2189 147 2250 llntth.
173 2211 236 2269 cap.
256 2193 304 2250 27.
326 2192 365 2254 V.
392 2192 441 2250 23.
468 2200 488 2231 “
500 2194 584 2270 genu
608 2191 704 2252 flexn”
732 2200 801 2251 ante
831 2190 982 2251 Christum

49 2269 233 2330 ‘illudebant
246 2269 300 2329 ei.”

75 2349 118 2407 Hi
140 2349 335 2409 meditamen
350 2350 448 2428 specie
461 2369 520 2409 non
535 2349 692 2420 differunt3
713 2352 783 2428 quia
802 2349 982 2410 conveniunt

49 2428 187 2489 neodem
200 2429 259 2488 fine
272 2434 298 2488 dl
311 2427 429 2508 objecto
442 2430 570 2488 formali.

76 2507 229 2583 Quantum
244 2519 397 2587 peccatum
411 2519 457 2568 est
470 2509 602 2569 derisio?

74 2587 134 2646 lll.
155 2586 195 2648 R.
216 2588 292 2647 Esne
302 2587 459 2668 aliquando
473 2598 626 2666 peccatum
639 2589 774 2658 mortale,
787 2585 931 2665 probatur
941 2606 981 2646 ex

49 2667 126 2726 lton.
141 2686 206 2746 cap.
221 2669 267 2726 19.
280 2667 323 2725 V.
333 2669 381 2725 29.
399 2667 450 2726 ubi
474 2667 601 2727 dicitur:
620 2668 757 2725 “Parata
778 2676 848 2725 sunt
867 2665 980 2725 derise-

49 2744 150 2806 “ribus
176 2746 290 2826 judicia
298 2745 324 2805 :¹⁹
352 2747 379 2804 a
409 2747 551 2807 Proverb.
572 2766 634 2824 cap.
658 2749 687 2805 3.
708 2746 747 2808 V.
771 2747 819 2805 31.
860 2755 879 2783 “
895 2745 981 2823 lpse'’

49 2823 135 2905 [Deus
167 2834 186 2863 “
199 2825 320 2884 deludet
333 2824 495 2885 illusores?
537 2826 691 2904 Contingit
707 2835 807 2884 autem
820 2823 900 2883 illam
915 2843 981 2884 esse

49 2920 82 2964 nn
142 2922 191 2964 em
204 2903 294 2964 simili
307 2904 406 2977 modo,
430 2924 488 2984 que
503 2905 541 2965 de
554 2903 732 2964 contumelia
745 2903 875 2963 diximus
889 2903 981 2963 Num.

72 3063 291 3155 anvissimum
309 3075 461 3145 peccatum
482 3074 536 3135 est,
557 3064 600 3122 ait
614 3064 644 3124 S.
659 3062 765 3123 Thoan.
779 3082 808 3141 q.
822 3063 869 3121 75.
883 3073 939 3121 art.
952 3066 980 3120 2.

49 3141 131 3201 iriam
160 3143 238 3203 Dei:
268 3146 428 3205 secundum
449 3145 546 3202 lecum
572 3153 655 3202 tenet
682 3143 780 3201 irrisio
808 3153 981 3221 parentum:

49 3221 110 3281 nde
125 3222 271 3283 Proverb.
285 3245 347 3304 cap.
358 3227 406 3282 30.
417 3224 456 3285 V.
469 3225 514 3282 17.
554 3232 573 3262 “
586 3223 722 3295 Oculum,
745 3223 797 3301 qni
818 3221 978 3281 subsannat

49 3309 55 3338 g
288 3305 294 3319 ·
435 3303 442 3317 .
455 3302 471 3326 η

65 3304 548 3462 Viliid’ldddlislircddviensio
561 3383 661 3460 gravis
675 3391 730 3452 est,
752 3381 868 3460 quando
882 3389 928 3437 cst
942 3379 979 3438 de

49 3459 143 3520 'intute
159 3461 232 3539 ipsa,
253 3462 481 3541 &slmplicitate
490 3461 575 3540 justi,
595 3461 729 3542 soletque
743 3481 807 3521 ease
822 3459 906 3516 valde
927 3478 979 3517 nn·

49 3540 105 3609 iva,
119 3551 226 3619 utpote
241 3543 375 3602 hemines
390 3544 407 3603 i
423 3542 496 3600 bene
510 3541 625 3619 agendo
636 3552 789 3600 avertens:
811 3537 980 3615 exemplum

49 3619 160 3678 labetur
173 3621 203 3678 in
218 3622 308 3681 Anna
320 3641 415 3680 uxore
431 3620 533 3682 Tobiae
548 3621 672 3681 senioris
686 3639 748 3698 cap.
760 3621 787 3676 2.
799 3617 837 3678 V.
847 3619 895 3675 22.
909 3623 934 3677 &
948 3619 981 3674 iu
1011 3642 1013 3651 ·

49 3718 127 3761 tuone
141 3698 203 3760 Job
217 3721 280 3783 cap.
294 3706 322 3762 2.
337 3702 375 3763 V.
390 3704 417 3760 9.

111 3795 183 3838 von.
195 3797 228 3839 11.
498 3798 518 3837 1²
