2160 4034
364 117 409 158 nn
427 114 510 159 suun
527 115 570 157 rr
588 114 742 159 rusrrrm.
963 102 1027 163 249

21 266 24 271 .
109 217 452 292 Quidsstforniostio?

112 296 163 357 11.
176 298 218 358 R.
231 298 289 357 mc
297 299 404 377 copula
412 299 503 359 soluti
511 319 579 358 cum
586 300 685 360 soluts
692 310 841 379 eorrupts.
868 300 917 360 De
926 303 1021 380 turpi·

64 374 183 436 tudine
192 389 225 437 et
236 379 351 437 malitis
359 379 464 439 borum
478 390 664 457 pccostorum
678 380 778 457 agitur
791 380 820 438 in
836 379 937 439 Truct.
957 392 976 418 ‘⁸
984 381 1024 442 de

67 462 88 492 ‘⁸
101 455 324 534 Temperantia
330 459 356 517 :”
375 458 424 516 hic
436 469 535 517 nutem
549 458 587 516 de
601 458 710 535 injuris
721 457 904 517 eorumdem.

112 534 303 606 Notandum,
325 549 462 615 stuprum
475 539 494 595 i
506 537 681 615 quibusdum
703 538 792 597 ulitur
804 539 914 631 uocipi:
936 541 982 598 10.
1002 540 1021 599 1

67 608 1022 697 Juristis,quirooentstuprumomncmcononbitummolentum,

70 693 142 750 sive
156 695 264 752 mulier
273 695 360 773 virgo
373 695 422 764 sit,
435 697 499 754 sive
512 715 580 754 non.
620 695 681 754 Sed
695 695 843 774 Theologi
862 696 940 756 bunc
952 718 1021 757 con-

70 771 211 831 cubitum
223 775 360 833 referunt
379 775 417 833 ud
438 786 567 853 ruptum,
590 776 719 852 speciem
732 775 877 836 luxuriae=
900 780 948 835 20.
968 777 1021 836 nli-

72 851 199 928 quuudo
210 854 363 930 accipitur,
384 853 437 913 scd
446 853 552 924 ιιι-1113,
575 873 630 931 pro
643 855 724 913 omni
736 854 895 914 uououbitn
907 854 1021 929 illicito,

75 939 112 988 ut
126 930 222 990 Num.
231 937 333 1010 csp.5.
347 953 375 991 r.
388 936 433 991 13.

113 1011 164 1068 30.
187 1011 308 1081 Honuo,
322 1023 360 1075 ct
372 1012 492 1093 quidum
504 1011 555 1070 ulii
568 1012 715 1091 accipiunt
727 1024 862 1091 stuprum
910 1034 945 1073 ro
958 1014 1020 1075 rio·

74 1088 159 1147 lents
172 1089 366 1151 defloratione
379 1091 521 1168 virginis:
536 1091 637 1150 dicunt
650 1102 748 1150 sutem
763 1111 828 1153 esse
842 1032 1021 1165 rioicntium,

76 1168 204 1246 sivirgo
230 1170 386 1229 inducetur
405 1190 459 1249 per
482 1182 593 1231 motum
607 1170 760 1230 cedentem
783 1172 813 1229 in
836 1184 1020 1232 coustnutem

76 1247 218 1325 puellum,
246 1248 294 1309 rol
317 1251 408 1310 otium
429 1260 615 1328 permotum
638 1248 873 1321 reverentiuiem,
906 1271 935 1310 r.
953 1252 1022 1329 psi

21 1348 26 1409 f
77 1336 231 1405 stuprator
243 1330 283 1387 sit
292 1329 436 1407 superior,
450 1330 497 1387 vir
516 1340 623 1407 potens
636 1340 668 1388 et
680 1349 793 1406 mogon
814 1330 1021 1390 sinthoritntis:

21 1432 25 1439 ·
78 1406 150 1467 icem
163 1408 191 1465 si
204 1408 290 1486 virgo
313 1409 469 1467 inducatur
488 1428 543 1486 per
560 1408 778 1468 fraudulentam
797 1410 1023 1487 promissionem

79 1487 1022 1570 matrimoniiuntmegnaedotis:quinimoreputaturupudiiius

80 1563 229 1635 violentie,
243 1567 267 1624 si
276 1566 416 1625 adbibitus
423 1566 535 1625 fuerint
548 1567 790 1626 extraordinarius
801 1578 833 1627 et
840 1587 919 1648 saepc
936 1588 1021 1649 rope·

83 1643 144 1703 titre
154 1644 315 1716 blandities,
329 1647 578 1724 importunitutes,
599 1648 650 1704 &u

65 1784 71 1795 ,
117 1723 237 1797 Quibus
250 1725 285 1784 fic
297 1726 407 1804 injuris
419 1727 534 1784 ratione
548 1726 668 1803 stupri?

117 1802 180 1863 111.
201 1803 241 1865 R.
264 1807 309 1862 10.
330 1805 438 1866 Gravis
451 1804 485 1863 fit
498 1803 607 1883 injurie
619 1803 738 1882 virgini,
752 1804 777 1863 si
792 1806 927 1882 pervim,
941 1804 1021 1865 stun-

23 1890 28 1897 ’
85 1880 145 1943 dem
160 1882 209 1941 vei
222 1893 333 1943 metum
348 1882 384 1942 ub
398 1884 462 1960 ipsu
472 1883 526 1942 dos
541 1882 719 1960 virginitatis
733 1884 893 1943 suferetur.

119 1964 167 2021 2⁰.
189 1961 298 2023 Gravis
308 1963 398 2022 etium
407 1963 442 2021 fit
456 1962 564 2040 injuria
577 1961 748 2039 parentibus
759 1962 892 2040 virginis,
901 1982 1022 2041 prmsor·

25 2046 32 2055 “
86 2040 132 2099 tim
145 2041 172 2099 si
183 2051 320 2118 stuprum
329 2042 381 2100 fiet
395 2042 467 2119 ipsis
479 2041 590 2111 invitis,
604 2040 653 2099 vel
666 2040 751 2099 cedet
762 2041 791 2099 in
805 2061 908 2101 eornm
917 2061 1025 2120 oppro-

88 2118 197 2189 brium3
217 2120 328 2179 habent
341 2123 419 2178 enim
434 2120 490 2198 ipsi
509 2120 560 2197 jus
573 2120 723 2189 custodio,
743 2119 832 2198 juxte
846 2119 918 2180 illud
932 2120 1024 2182 Eooli.

87 2217 143 2277 cup.
158 2201 186 2258 7.
208 2208 227 2238 “
236 2200 321 2259 Filiae
335 2200 390 2259 tibi
404 2201 496 2259 sunt?
518 2218 604 2258 serva
617 2219 723 2279 corpus
732 2199 873 2259 illerum.”

82 2328 85 2333 .
116 2280 166 2337 3⁰.
188 2277 303 2356 Injuria
316 2279 350 2337 fit
363 2279 419 2358 ipsi
432 2279 510 2357 proli
524 2278 578 2373 <ad
592 2298 679 2357 qunm
694 2277 762 2337 telis
772 2289 854 2338 ectus
865 2279 901 2339 de
916 2298 947 2339 se
961 2289 1024 2339 ten-

29 2406 39 2415 .
85 2356 158 2437 dit):
173 2357 284 2418 bonum
299 2360 376 2418 onim
387 2358 480 2438 prolis
493 2358 598 2436 exigit,
608 2368 642 2417 ut
655 2369 792 2417 nuscetur
802 2378 840 2417 ex
855 2358 1025 2437 perentibus

21 2452 38 2503 t,
83 2436 256 2516 conjugatis.

79 2522 83 2529 '
119 2518 176 2580 IV.
198 2518 281 2576 Hinc
291 2517 425 2597 sequitur
438 2528 572 2597 stuprum
586 2516 726 2577 inducero
737 2516 965 2595 obligationum:

43 2592 48 2603 ’
120 2600 167 2657 1⁰.
188 2598 273 2675 Ergo
285 2598 431 2676 virginem
440 2608 618 2676 corruptum.
638 2600 687 2656 20.
707 2597 791 2674 Ergo
799 2596 863 2676 ejus
876 2606 1023 2676 parentes.

21 2693 29 2728 ²
81 2680 128 2737 ³0.
148 2678 232 2754 Ergo
246 2677 360 2755 prolem
373 2698 412 2736 ex
426 2688 529 2756 stupro
540 2686 679 2736 secutum.

118 2758 182 2816 Pro
206 2756 347 2815 distinctu
364 2767 464 2815 nutem
487 2756 668 2834 obligatione
692 2755 787 2833 stupri
812 2756 1025 2831 cognoscendo,

83 2835 196 2896 uttcndi
211 2835 310 2904 debet,
331 2835 478 2916 quomodo
491 2836 584 2894 fuerit
602 2845 771 2911 peractum:
793 2834 871 2893 unde
884 2834 1026 2914 procede-

83 2936 146 2977 mus
159 2916 321 2975 secunddm
335 2916 387 2977 hus
400 2926 527 2996 quatuor
538 2913 751 2972 distinctiones.

121 2995 235 3065 Primo,
258 2995 283 3052 si
297 3004 448 3071 stuprator
469 2993 616 3070 virginem
638 2990 829 3051 defloraverit
852 2995 958 3070 spontb
979 2993 1027 3052 rel

83 3073 176 3134 libere
204 3074 447 3133 consentientem·
496 3069 640 3139 Secundo,
664 3070 688 3127 si
712 3070 768 3129 boc
794 3072 900 3131 fecerit
927 3072 956 3130 vi
980 3071 1028 3131 vel

83 3155 196 3215 froude.
237 3153 350 3222 Tertio,
365 3154 390 3211 si
403 3152 457 3213 sub
470 3150 664 3231 promissione
677 3150 868 3210 matrimonii.
902 3151 1026 3224 Quarto,

28 3234 31 3242 “
86 3234 109 3294 si
122 3233 224 3311 proles
237 3233 277 3290 sit
290 3242 398 3291 secuta.

122 3314 176 3372 Ex
188 3311 321 3371 dicendis
334 3311 412 3370 facili
427 3309 567 3369 methodo
581 3306 703 3385 deteget
717 3308 921 3369 confessarius
935 3306 1026 3385 poeni·

86 3392 175 3452 tentis
189 3391 410 3469 obligationem,
431 3409 491 3448 non
505 3388 599 3448 solnm
613 3386 728 3450 ratione
742 3388 847 3467 stupri,
871 3386 922 3445 sed
937 3384 1025 3444 etiam

21 3488 27 3577 ³
84 3466 720 3627 “mimocimmo
733 3464 1031 3625 cccco...

21 3586 23 3600 '
247 3614 250 3618 .
601 3589 610 3620 2

87 3629 193 3693 mendo
207 3631 256 3704 sit,
271 3628 401 3690 diximus
414 3627 581 3692 Num.124.
601 3637 620 3670 ‘⁶
629 3626 667 3689 de
681 3625 782 3688 Actib.
797 3624 889 3685 Hnm.
