2160 4034
92 186 154 248 834
414 228 417 233 .
467 197 657 242 maranus

98 294 118 310 '
133 306 191 368 iv.
210 302 296 364 teas
319 302 410 363 susm
435 313 537 382 potest
552 303 672 383 jana
690 321 731 363 οι
749 311 837 382 paru
856 301 1030 366 naamam
1067 290 1074 365 ἵ

93 389 141 446 1⁰.
162 385 195 445 Si
217 402 325 462 prmeo,
349 382 401 462 qui
421 383 594 461 proclamat,
616 382 704 442 eitids
718 393 770 442 aut
782 381 900 442 tardids
914 401 977 442 rem
989 387 1031 444 uui

92 463 255 544 adjudicet,
269 463 358 544 quam
371 462 436 522 lieri
450 461 526 522 solet
539 473 591 522 aut
605 463 754 522 eonvenit.
869 518 872 523 ,
1002 536 1004 543 Ι
1071 466 1074 486 “

132 545 181 602 2⁰.
203 543 235 602 si
259 542 425 600 auctionem
449 540 607 601 instituant
628 541 681 600 tali
699 550 844 620 tempore,
865 559 928 619 quo
949 541 1035 605 stiunt

90 641 201 703 paucos
214 621 332 680 futuros
346 629 504 698 emptores,
518 629 552 679 ut
566 621 608 680 ita
621 621 678 699 ipsi
692 629 744 679 aut
757 620 844 679 amici
857 639 963 680 eoram
977 641 1036 701 pos·

94 702 155 762 siut
167 700 267 759 viliori
280 700 379 778 pretio
393 718 501 759 emere.

136 781 177 843 V.
190 780 240 838 An
252 789 355 857 peram
373 789 476 838 tonna
484 777 633 858 justitiam
646 772 791 850 venditor,
820 778 875 857 qui·
882 798 948 838 rem
959 799 1039 840 vena·

91 859 153 921 lem
165 858 292 919 retrahit
311 856 390 928 ideo,
414 859 484 937 quia
507 857 546 916 ob
567 859 746 937 paucitatem
753 857 810 918 *vel
830 869 969 936 teporem
982 858 1038 918 liei·

91 938 219 1015 taatiam
233 936 390 998 vendenda
403 947 449 996 est
462 937 563 997 infimo
578 937 625 998 vel
644 936 874 997 infrainfimum
890 938 1039 1016 pretium?

132 1017 171 1077 lt
193 1017 229 1076 In
242 1015 463 1076 venditionibus
483 1037 584 1075 rerum
605 1016 811 1089 immobilium,
835 1015 904 1076 edm
919 1017 978 1077 illa
997 1037 1040 1076 so-

91 1097 174 1157 leant
186 1095 288 1175 perfici
302 1094 484 1154 authoritate
497 1094 623 1174 publiea,
644 1089 808 1155 'videndum
826 1106 882 1166 est,
907 1095 980 1178 qaid
993 1117 1040 1177 po·

91 1185 185 1237 testu
198 1173 317 1254 publiea
329 1175 406 1233 eirea
419 1173 484 1234 illas
497 1175 684 1234 venditiones
698 1175 892 1234 ordinaverit.

132 1254 168 1316 si
185 1255 336 1314 auctiones
351 1254 411 1312 sint
423 1254 568 1312 institutae
580 1273 617 1312 ea
631 1255 720 1315 taeitt
740 1255 923 1326 conditione,
943 1264 980 1313 nt
997 1275 1039 1316 res

92 1351 196 1394 omnes
222 1333 351 1392 finaliter
374 1333 435 1392 siut
460 1332 639 1403 vendendae3
659 1345 730 1393 tuno
756 1332 900 1412 injustum
927 1333 1040 1404 videtur

30 1449 34 1457 .
94 1431 158 1472 rem
173 1412 326 1472 retrahere
340 1410 428 1471 titulo
442 1411 530 1471 nimis
544 1413 647 1491 exigui
666 1414 766 1492 pretii,
787 1413 824 1472 ed
837 1413 920 1494 quod
934 1414 978 1472 sie
990 1413 1038 1474 soli

96 1501 230 1552 ementes
251 1501 439 1570 exponantur
451 1491 584 1570 periculo
604 1492 703 1552 damni
718 1492 843 1552 emendo
855 1493 949 1553 nimis
961 1494 1037 1565 aar&

92 1575 119 1631 ds
132 1570 175 1630 ita
189 1571 347 1632 tolleretur
360 1572 484 1650 aequitas
498 1570 585 1650 hujus
599 1573 777 1632 contractius.
870 1602 874 1610 ·

130 1651 238 1713 Videri
250 1662 349 1711 tamen
365 1648 463 1722 debet,
484 1652 584 1710 utrum
605 1650 713 1710 alieubi
733 1651 764 1710 id
785 1652 835 1711 lex
876 1651 1032 1712 articularis

91 1728 171 1789 torte
184 1750 244 1790 non
259 1730 422 1810 permittat.
463 1729 543 1789 Usus
557 1731 647 1789 etiam
661 1733 827 1802 diuturnus,
848 1670 1033 1790 tltaaiturai·
1062 1808 1065 1813 .

91 1817 138 1868 tas
146 1807 257 1888 judicis
270 1809 386 1869 attendi
407 1808 528 1881 debent,
551 1818 586 1868 ut
599 1809 745 1882 videatur,
765 1830 837 1870 uum
849 1811 930 1872 font
943 1812 1031 1891 praxis
1062 1797 1074 1879 ε’

92 1886 144 1948 illa
159 1887 331 1949 retrahendi
344 1888 384 1947 sit
396 1888 487 1948 tacite
500 1888 672 1968 approbata.
958 1934 961 1943 .
1063 1878 1074 1917 l

142 2108 184 2168 u.
203 2111 252 2168 aa.
292 2109 354 2168 ou
374 2109 650 2181 ouuuurmus
671 2070 748 2172 udi
769 2113 974 2175 venatis.
1071 2064 1074 2071 ⁵

92 2227 117 2288 1.
145 2227 280 2306 Defectus
299 2230 375 2288 eirea
399 2230 594 2290 subtantiam.
636 2231 679 2291 Il.
706 2231 756 2291 An
782 2233 845 2293 licet
862 2236 980 2294 vendere
996 2257 1033 2297 ra

128 2309 241 2366 mittas.
282 2307 342 2368 ΙΙΙ.
362 2307 496 2388 Defectus
508 2312 584 2369 eirea
596 2313 789 2388 quantitatem,
802 2325 855 2372 nat
865 2315 1034 2392 qualitatem.

130 2385 187 2448 IV·
217 2385 344 2447 Seienter
361 2391 483 2448 venemo
509 2391 692 2469 defiataosam
714 2411 771 2469 pro
799 2394 909 2470 inteyta
931 2407 1033 2472 peceat.
1070 2420 1074 2437 =

130 2466 171 2528 V·
190 2464 270 2526 Idem
282 2467 330 2526 dab
340 2468 376 2526 de
387 2478 489 2528 emente
500 2488 558 2528 rem
566 2472 719 2546 pretiosam
727 2491 785 2548 pro
797 2471 858 2530 oili.
899 2473 958 2535 VI.
976 2474 1034 2534 Ea·

130 2548 276 2625 ιφιίωιεε.

128 2665 193 2725 AN
205 2666 284 2805 plieet
302 2667 433 2728 vendere
461 2687 525 2728 rem
553 2659 765 2743 defectuosum,
793 2691 854 2732 non
877 2674 1035 2750 aperiendo

88 2744 196 2804 vitium
643 2789 645 2793 -

129 2823 168 2884 R.
188 2825 286 2886 Juxta
301 2825 332 2886 S.
342 2824 450 2886 Thom.
464 2829 493 2885 2.
507 2831 534 2886 2.
548 2837 652 2906 quast.
664 2832 712 2886 tt.
725 2841 781 2888 art.
795 2833 823 2888 2.
837 2831 974 2891 defectus
987 2852 1035 2911 po·

88 2912 159 3042 mail
171 2918 235 2963 esse
255 2904 304 2964 vel
324 2905 402 2964 cirea
415 2906 619 2979 substantiam,
640 2909 687 2968 vel
703 2909 733 2967 in
752 2910 918 2991 quantitate
937 2922 990 2970 aut
1009 2914 1037 2971 in

90 3003 130 3063 qu
161 2983 244 3042 itate.

130 3062 155 3121 Ι.
176 3063 321 3122 Dei'eotus
345 3074 392 3123 est
415 3065 495 3124 eirca
518 3065 710 3126 substantiam
733 3068 786 3139 rei,
808 3069 878 3127 duni
899 3069 1037 3130 venditur

89 3152 108 3182 ‘⁴
119 3141 191 3222 quid
205 3161 260 3220 pro
275 3142 361 3220 quo,'’
375 3163 426 3203 seu
441 3165 499 3226 una
515 3166 564 3205 res
582 3166 637 3225 pro
658 3146 724 3218 alia,
748 3167 767 3206 a
787 3168 845 3226 qua
866 3151 968 3226 speeie
981 3152 1037 3209 dis·

88 3221 252 3300 tinguitur:
273 3223 298 3279 si
319 3241 467 3300 angores,
492 3244 558 3303 quaa
580 3227 720 3285 venditur
742 3227 782 3286 sit
802 3229 1037 3289 substantialiter

88 3301 207 3362 diversa
219 3320 237 3359 a
249 3319 292 3371 re,
307 3320 395 3379 quam
409 3313 526 3381 emptor
540 3305 668 3364 intendit
681 3326 790 3379 eruere,
804 3318 974 3368 contractus
989 3309 1036 3369 ille

89 3391 136 3441 est
148 3381 255 3451 nullus,
268 3389 304 3438 ut
317 3381 428 3440 dietum
443 3392 489 3441 est
502 3383 534 3442 N
536 3403 594 3442 um.
608 3387 636 3442 7.

128 3460 213 3540 Saepe
223 3460 342 3519 interim
353 3458 471 3520 difficile
482 3473 528 3521 est
535 3482 590 3541 pro
599 3475 751 3524 contractu
760 3467 1036 3544 emptionis-vendi·

86 3540 177 3610 tionis
190 3538 367 3609 discernere,
410 3540 575 3601 dandonem
596 3563 655 3602 nna
674 3563 722 3603 res
743 3548 782 3604 sit
801 3545 1036 3607 substantialiter

88 3619 206 3689 diversa
215 3616 252 3678 ab
262 3619 329 3679 alia.
350 3559 451 3692 lnlris,
463 3619 536 3680 dicit
546 3623 701 3695 Deelman,
715 3625 810 3703 magis
820 3627 935 3686 attendi
946 3628 1036 3688 debet

87 3698 201 3780 speeies
213 3698 259 3760 rei
275 3698 404 3775 moralis,
426 3712 517 3782 prout
537 3704 631 3764 seruit
652 3703 788 3766 humanis
811 3704 923 3779 usibus,
946 3705 1034 3788 datm
1072 3694 1074 3781 l
