2160 4034
237 139 282 183 nn
300 137 383 182 scau
403 136 445 182 ar
463 137 619 184 numnis.
849 122 909 183 250

43 281 104 342 tto.
145 278 301 342 MODUS
321 278 624 342 RESTITUENDI
646 278 811 361 DAMNA
830 280 895 342 EX

291 356 571 459 Ι[ΑΙΠῙΙΚΓΕΒΙΟ.

43 459 153 523 wmodo
164 459 295 518 uduloem
313 459 465 537 conjuquta
477 462 619 519 rectinere
633 460 733 537 possit.
773 457 817 519 11.
837 459 906 522 Non

193 547 301 598 meter
313 537 484 598 Mindarum
495 539 683 619 manifestere.

43 635 160 695 [dictis
174 635 266 695 Num.
281 638 427 716 superiori
442 648 567 711 constet,
588 637 755 697 adultcmm
769 647 801 698 et
822 638 906 700 odul-

43 736 54 774 ι
67 715 165 775 teneri
178 715 210 774 iu
223 725 298 787 toto,
313 717 362 776 vel
375 718 405 775 in
419 727 505 796 parte
518 736 574 795 pro
582 729 647 776 rata
655 717 738 776 dubii
748 718 908 780 restituero

43 814 73 865 o,
96 793 231 872 prolibus
252 796 396 874 legitimis
414 796 463 855 vel
483 796 650 856 heredibus
674 795 910 858 damnanatione

43 873 246 933 radnlteriun
265 874 315 933 rel
336 874 426 934 dubie
447 875 516 934 telis
539 885 659 935 secuta:
680 876 783 935 verbm
803 876 910 937 modus

44 952 143 1023 nendi,
167 963 307 1012 notanter
320 963 458 1033 respectu
470 953 613 1016 adulterae
631 953 808 1035 conjngatm,
829 975 909 1035 sape

43 1032 84 1091 lis
98 1043 144 1092 est
155 1056 163 1102 ς
176 1033 256 1092 unde
271 1035 433 1112 queriturr
527 1069 530 1073 <
661 1045 668 1059 ⁸

43 1110 154 1172 omodo
168 1111 304 1173 adultera
323 1111 484 1192 conjugata
502 1113 647 1193 predicta
661 1113 768 1173 damna
786 1133 908 1195 rapara-
945 1161 948 1167 .

43 1192 105 1250 sit?
244 1242 246 1247 .

43 1271 77 1330 li.
90 1269 122 1329 Si
134 1269 242 1331 babeat
252 1269 330 1330 bone
340 1269 565 1350 paraphernalia
574 1290 628 1331 scu
636 1270 693 1331 sibi
703 1270 834 1352 proprie,
854 1282 907 1333 eut

43 1349 77 1409 de
91 1349 198 1428 quibus
211 1349 306 1410 libere
320 1359 420 1428 potest
432 1351 599 1429 disponere,
613 1350 704 1410 debet
714 1371 754 1411 ox
764 1351 823 1412 illis
837 1352 909 1414 darc

43 1449 63 1489 o
76 1437 110 1487 at
128 1429 261 1506 prolibus
283 1429 427 1508 legitimis
446 1448 542 1508 usque
561 1428 600 1490 od
621 1429 722 1489 damni
734 1449 908 1512 compense-

43 1529 80 1568 m,
798 1541 803 1549 .

43 1589 116 1649 verb
131 1587 213 1648 nulla
234 1587 307 1647 talia
327 1586 404 1648 bona
426 1587 544 1659 babeat,
571 1588 619 1648 vel
638 1608 698 1651 nou
722 1590 907 1663 sufficieutia,

43 1670 92 1728 »eri
106 1676 205 1747 potest
219 1687 295 1726 unns
309 1687 349 1727 ex
362 1667 459 1727 modis
472 1667 644 1747 allegandis,
668 1679 760 1749 prout
782 1670 907 1729 circum·

43 1749 75 1807 ite
89 1746 232 1826 expedire
243 1746 432 1806 dictaverint.
501 1802 510 1817 ,

43 1874 44 1880 ,
66 1827 110 1887 Ut
133 1826 268 1885 adultere
291 1827 434 1904 singulari
455 1825 612 1906 diligentie
632 1825 820 1887 administret
842 1847 909 1888 rem

43 1907 142 1977 larem,
151 1906 265 1965 &omni
275 1906 409 2000 possibili
419 1905 601 1984 parcimonie
614 1906 652 1965 da
661 1906 756 1966 solitis
764 1907 909 1985 corporis,

43 2005 87 2045 rm
111 1995 143 2045 et
165 1994 382 2045 recreationem
407 1986 573 2064 sumptibus
595 1984 743 2058 debehat,
763 1985 909 2066 quantum

43 2085 52 2124 s
67 2075 98 2124 et
111 2063 251 2137 valetudo
266 2065 453 2143 permittunt.

66 2144 110 2204 Ut
130 2144 342 2222 eleemosynas,
366 2162 445 2223 quas,
456 2142 547 2222 juxta
569 2153 679 2221 ctutum
703 2164 789 2204 sunm
809 2144 909 2206 facere

44 2233 68 2291 t,
81 2222 211 2301 applicet
226 2224 328 2301 spurio
341 2222 563 2282 intartineudo:
577 2225 801 2284 coneturctiem
815 2226 909 2285 ame·
951 2254 955 2263 ·

43 2315 192 2439 mpetrape
216 2300 388 2361 facultatem
413 2301 503 2361 dandi
526 2301 625 2384 alique
645 2303 771 2382 pauperi
785 2322 908 2364 consan-

43 2402 69 2442 ιο
90 2391 216 2441 occuto.
598 2404 601 2409 ·

43 2503 46 2520 .
78 2460 246 2531 Allaboret,
273 2468 307 2519 ut
333 2459 447 2538 prolem
470 2461 600 2539 spuriam
624 2459 791 2538 sumptibus
817 2481 907 2545 quarn

43 2551 59 2600 t
71 2539 210 2610 minimis,
232 2538 352 2598 inducat
365 2538 403 2599 nd
417 2550 526 2598 stntnm
541 2539 669 2620 aliquam
683 2540 711 2599 ei
732 2541 909 2601 convenien-

43 2639 71 2679 r.
81 2640 112 2698 g.
127 2619 315 2697 Religiosnm
328 2619 358 2677 in
372 2619 562 2690 monasterio,
576 2619 625 2677 cni
638 2618 754 2678 modica
768 2618 814 2678 rel
825 2619 908 2680 nulla

43 2709 123 2770 atur,
138 2699 186 2757 vel
199 2708 323 2757 conetur
336 2699 498 2776 impetrare
512 2697 540 2757 ei
550 2697 698 2780 quoddam
710 2698 846 2768 officinm,
856 2704 909 2759 dre.

43 2799 77 2837 ou
86 2787 171 2837 ceute
185 2778 316 2849 inducat,
328 2777 354 2836 si
364 2777 468 2855 possit,
478 2777 627 2849 maritum,
640 2786 675 2835 nt
684 2775 754 2836 filiis
763 2777 907 2856 legitimis

43 2903 46 2916 .
60 2858 138 2917 bona
152 2856 320 2927 distribuat,
334 2875 422 2936 quam
435 2857 552 2934 spuria.
671 2909 675 2917 .

43 2937 91 3007 tid,
107 2938 131 2996 si
147 2936 294 3014 predictis
313 2936 410 2995 modis
418 2936 526 2995 demna
539 2934 671 3014 reparari
685 2942 852 3018 uequ'eaut:
866 2956 906 2997 en

43 3016 180 3075 adultera
201 3025 321 3074 tenetur
340 3015 448 3074 marito
472 3014 520 3075 vel
541 3014 619 3094 proli
643 3014 749 3092 spuriae
773 3014 908 3077 revelare

43 3096 141 3155 crium
164 3094 332 3154 occultum?

63 3175 103 3234 R.
124 3174 317 3252 Ragnlnriter
330 3172 487 3251 negative:
508 3183 572 3231 tum
589 3172 659 3251 quia
673 3192 711 3232 ex
725 3173 908 3236 revelatione

49 3254 169 3324 marito,
183 3264 254 3312 nata
267 3264 335 3312 sunt
349 3252 434 3331 sequi
446 3251 623 3330 gravissima
640 3251 726 3321 mala,
749 3251 816 3311 odia
829 3255 907 3333 copi·

51 3332 184 3393 turbatio
197 3331 325 3401 familia,
345 3337 397 3391 dre.
411 3342 474 3390 tum
490 3332 560 3410 qnia
570 3330 632 3390 haec
645 3330 788 3390 revelatio
802 3333 904 3411 spurio

50 3433 83 3472 se
97 3411 161 3471 solis
174 3411 287 3470 inutilis
301 3422 348 3470 est
357 3409 395 3469 nd
406 3410 513 3469 damna
531 3410 705 3479 avertendas
729 3411 796 3469 crim
806 3411 906 3490 proles

43 3532 45 3549 .
69 3511 256 3550 communem
277 3490 454 3549 sententiam
476 3510 534 3549 uon
557 3488 664 3550 debeat
678 3490 799 3550 credere
818 3494 909 3551 matri

42 3571 106 3632 enti
120 3590 184 3630 eam
199 3589 264 3630 esse
278 3570 426 3650 spurinmr
439 3579 530 3651 atque
544 3568 588 3630 ita
600 3568 724 3632 resolvit
734 3568 835 3633 lnuoc.
846 3571 906 3634 111.

43 3672 50 3712 t
63 3651 131 3731 lege
145 3653 174 3710 5.
187 3649 234 3712 tit.
247 3652 295 3712 38.
441 3729 460 3788 3

400 3744 423 3790 Y

920 3726 961 3808 f
