2160 4034
106 165 169 247 5254
503 174 699 226 cancarrus,
721 219 725 226 ,
1060 35 1070 255 i

149 279 292 356 Quisnam
319 285 440 338 tenetur
466 278 546 338 alere
579 277 693 357 prolem
720 295 760 337 ex
792 285 911 359 stupro¹
925 278 975 340 vel
998 280 1043 343 alis

109 381 143 421 co
165 359 215 418 ula
227 359 331 431 illicita
340 359 462 418 natam?
1066 385 1070 420 ι

144 380 237 499 issi.
248 439 280 498 Si
289 439 356 516 quis
363 438 393 495 vi
402 437 449 495 vel
457 437 722 497 fraudemulierem
732 437 851 498 induxit
859 439 900 498 ad
907 439 1040 517 copulam,
1065 468 1070 499 ι

105 518 171 599 ipse
185 518 264 576 solus
275 527 394 576 tenetur
405 516 486 575 alere
497 515 611 594 prolem
625 515 662 575 ab
670 517 775 577 initio:
796 518 868 577 item
883 529 1002 579 tenetur
1013 523 1041 583 ad

107 597 207 658 omnia
230 597 339 656 damna
359 597 544 674 &expensas
568 595 683 663 ratione
706 597 810 675 partiis
831 608 960 668 mantas,
985 526 1070 693 quiri

105 676 258 736 mulierem
268 673 1037 756 talimodoseducendo,omuiaonereinsesuscepisse
1062 700 1070 756 ¹.

110 766 256 816 censetur.
960 815 965 824 ,
1062 774 1065 779 ·

147 835 179 895 Si
193 835 264 893 verb
276 833 430 911 utriusque
439 832 607 892 voluntario
616 853 760 895 consensu
773 855 821 895 res
834 834 987 905 acciderit,
1006 847 1038 898 te·
1061 784 1070 977 Ε

63 941 65 947 ·
105 926 194 987 netur
211 925 316 982 mater,
325 913 415 992 juxta
428 912 507 990 quod
523 912 696 973 Scholastici
710 915 905 974 communiter
919 914 1037 988 tradunt,

104 992 184 1054 alere
197 993 310 1072 prolem
325 992 420 1069 primo
435 992 573 1061 triennio,
598 991 736 1070 deinceps
750 995 823 1055 verb
838 1004 935 1072 pater,
957 993 1038 1057 donec

103 1072 204 1153 proles
214 1073 270 1131 sibi
281 1070 375 1149 possit
388 1071 555 1148 providere.
595 1071 757 1135 Deducont
770 1093 808 1131 ex
817 1072 888 1150 jure
900 1073 1038 1152 positivo:

103 1152 184 1290 pade
196 1151 227 1253 lii
240 1169 342 1211 versus
355 1150 463 1230 glossa
472 1150 503 1208 in
517 1149 605 1228 capit.
618 1153 647 1209 2.
667 1161 685 1189 “
694 1151 732 1215 de
742 1153 936 1213 conversione
947 1153 1037 1215 infide·

118 1251 197 1290 rum:

106 1360 119 1394 “-
181 1359 201 1391 “
215 1351 315 1411 Mater
328 1349 382 1409 alit
395 1369 520 1429 puerum
534 1349 655 1409 trimum
669 1350 817 1433 trimoque
831 1351 985 1423 minorem,

183 1482 201 1513 “
215 1471 364 1552 Majorem
377 1471 451 1532 verb
466 1491 587 1551 pascere
601 1473 694 1552 putris
708 1473 791 1533 erit.”

144 1632 176 1693 Si
187 1630 330 1692 alteruter
343 1630 379 1689 ab
403 1629 585 1708 obligatione
608 1630 726 1692 deficiat
745 1631 793 1693 vel
813 1631 963 1711 impotens
983 1633 1035 1704 fiat,
1063 1646 1065 1657 ·

103 1709 475 1772 alterteneturadtotum.
1058 1736 1061 1761 l

141 1791 176 1852 In
187 1791 253 1851 foro
267 1800 395 1851 externo
408 1789 516 1852 mulier
528 1790 716 1870 presumitur
728 1791 859 1862 seducta,
874 1791 899 1849 si
908 1789 980 1851 aliis
991 1791 1033 1850 ho·
1056 1796 1060 1853 i

98 1881 185 1942 peste
193 1870 323 1930 vixerit:
354 1869 432 1946 quod
447 1879 545 1929 tamen
556 1880 692 1946 respectu
702 1871 868 1948 conjugata
878 1868 1033 1931 adulteran-
1054 1888 1070 1941 ει

100 1949 140 2008 tis
154 1968 213 2008 non
228 1949 343 2009 obtinet
373 1953 398 2005 δι
412 1966 450 2005 ex
464 1950 517 2007 hac
525 1949 755 2026 praesumptione
763 1949 851 2027 juris,
865 1959 952 2027 pater
964 1951 982 2008 i
992 1949 1031 2010 dic
1052 1956 1070 2023 h

98 2029 264 2089 nativitatis
278 2027 467 2086 condemnari
482 2027 558 2087 solet
571 2026 609 2085 ad
622 2027 758 2087 alendam
768 2028 897 2106 prolem,
921 2037 952 2086 et
965 2048 1031 2087 con·
1054 2026 1070 2098 ¹]

120 2107 250 2167 ensanda
264 2107 369 2166 damna
382 2125 416 2163 ac
426 2117 560 2185 sumptus
570 2107 738 2183 puerperii:
753 2108 824 2166 item
835 2107 953 2184 cogitur
962 2107 1032 2184 puel·

96 2125 157 2246 iim
171 2185 278 2247 ducere
292 2184 341 2244 vel
354 2184 468 2245 dotare.
496 2186 577 2244 Hinc
588 2193 674 2243 notat
684 2186 790 2256 colles,
804 2186 932 2264 puellam
947 2188 1031 2246 teucri

96 2265 135 2325 ad
143 2265 358 2325 refundendum
369 2264 513 2344 quidquid
522 2284 576 2343 per
584 2262 716 2341 judicem
726 2265 780 2325 sub
790 2265 873 2327 falsis
882 2284 1032 2344 praesump-

96 2344 228 2405 tionibus
241 2345 298 2405 sibi
311 2343 510 2422 adjudicatum
524 2347 617 2402 novit.
950 2408 953 2413 ,
990 2408 993 2413 A

133 2424 227 2484 Aliud
253 2425 341 2492 foret,
369 2423 393 2480 si
412 2423 508 2500 judex
531 2422 563 2480 in
585 2442 701 2500 poenam
729 2424 831 2483 delicti
861 2423 1030 2483 sententian

91 2503 218 2574 tulisset,
231 2524 291 2562 non
305 2501 532 2561 habitatatione
546 2501 684 2560 falsarum
698 2504 977 2581 presumptionem.

132 2584 223 2659 Quid,
237 2584 262 2642 si
275 2581 374 2660 proles
387 2582 478 2641 fuerit
490 2582 635 2660 exposita,
649 2593 681 2642 et
690 2582 769 2654 alibi,
795 2602 822 2641 v.
833 2602 862 2660 g.
872 2581 905 2640 in
919 2582 1028 2661 Hospi·
1060 2592 1070 2631 ἰ

96 2661 150 2722 tali
164 2662 332 2723 educetur?
1067 2706 1070 2711 .

129 2742 191 2802 111.
211 2742 250 2802 R.
278 2739 442 2802 Tenebitur
464 2738 625 2798 secundum
651 2740 752 2799 rtatim
773 2739 852 2798 dicta
878 2749 965 2819 pater
983 2740 1025 2799 vel

88 2831 185 2880 mater
205 2821 254 2879 vel
267 2830 393 2898 uterque
414 2817 511 2889 simul,
534 2820 692 2879 restituere
717 2817 868 2897 Hospitali
889 2838 1029 2896 expensas

89 2898 273 2968 educationis
294 2909 362 2958 ante
376 2918 493 2958 omnem
507 2898 684 2957 sententiam
694 2898 823 2977 judicis3
844 2909 875 2957 et
888 2898 926 2957 ad
940 2898 996 2957 hoo
1014 2899 1030 2957 i

90 2979 280 3040 Confessario
303 2977 427 3055 obligari
452 2978 571 3046 debent,
594 2977 744 3036 niciforte
767 2977 864 3037 alatur
883 2977 984 3056 proles
997 2997 1031 3036 cx

56 3123 62 3134 ,
88 3058 263 3119 fundatione
276 3076 438 3136 pauperum
453 3055 510 3115 sibi
523 3067 720 3135 competente,
735 3067 766 3116 et
780 3057 900 3135 insuper
914 3057 971 3135 ipsi
985 3076 1032 3135 pa·

91 3149 193 3198 rentes
206 3156 277 3197 vere
290 3155 436 3215 pauperes
448 3138 515 3196 sint.

131 3217 239 3277 Monet
254 3217 393 3294 steyaert
406 3216 482 3285 illos,
504 3215 554 3295 qui
569 3232 668 3274 curam
682 3215 785 3273 similis
807 3215 974 3293 Hospitalis
987 3214 1035 3274 ha·

91 3298 171 3369 bent,
184 3316 243 3356 uon
258 3294 367 3372 debere
376 3295 464 3354 nimis
474 3295 571 3373 rigide
581 3294 736 3371 invigilare
747 3295 777 3353 in
788 3293 864 3365 illos,
876 3295 926 3373 qui
937 3294 1034 3373 proles

92 3395 109 3436 e
152 3384 253 3447 onunt,
266 3384 389 3454 propter
403 3373 558 3433 abortuum
568 3384 600 3434 et
612 3373 861 3433 infanticidiornm
875 3373 1016 3452 pericula.

159 3465 219 3526 ota,
242 3453 396 3513 mulierem
409 3453 439 3511 vi
463 3465 515 3513 aut
537 3453 642 3513 fraude
666 3453 816 3512 seductam
837 3453 874 3512 ad
888 3453 1034 3532 copulam,

91 3535 268 3614 quandoque
291 3532 406 3592 ratione
430 3534 615 3610 cooperantis
635 3531 672 3592 ad
693 3532 1036 3611 expositionem-prolis,

110 3633 176 3675 osse
197 3612 371 3674 contrahere
394 3612 593 3672 restitutionis
617 3611 838 3690 obligationem,
863 3630 952 3693 quam
974 3632 1037 3673 non

87 3633 196 3755 iubeat
205 3713 245 3754 ex
257 3691 362 3773 copula
377 3690 514 3752 violenta.
534 3712 540 3723 ’
903 3716 906 3721 ·
