2160 4034
91 192 134 257 it
452 205 639 259 unucrsrus
744 195 753 210 ³

132 311 157 372 Ι.
178 312 217 371 R.
240 310 517 389 sufficitposscssio
538 311 610 371 fecti
628 311 707 370 dictu
728 311 877 383 “civilis’'
898 314 959 375 imo
974 313 1038 374 solu

91 390 280 453 “naturalis'’
303 384 436 457 sufficere
449 401 558 468 potest,
583 391 725 468 quantum
753 402 799 451 est
813 412 851 449 ex
864 405 1037 471 parteproe·
1068 388 1079 427 t

88 471 271 608 polipticum,
286 470 391 533 saltem
400 470 438 531 ad
452 471 756 541 cumcontiuuandaru,
771 471 859 529 modo
873 471 951 531 adsit
959 472 1038 535 bons
1072 528 1076 543 ,,

111 551 172 610 dec.
1076 554 1080 570 ‘¹

107 627 1038 708 Depossessioneejusqucdivisionespeciuliterageturpostes«

108 708 151 768 ΙΙ.
173 708 273 768 Debet
284 709 390 773 deiude
398 708 688 786 istepossessioosse
697 710 867 770 continuata
875 729 929 788 per
939 722 1036 772 totum
1071 723 1075 736 ²

87 797 205 866 ternpus
220 791 237 847 s
250 788 318 866 lege
330 799 472 856 statutum
488 788 558 852 sino·
571 787 797 865 interruptione.
1072 814 1074 819 ’

129 868 323 942 Quommodo.
333 869 521 931 continuetur
534 867 720 945 possessio?¹

128 947 167 1007 R„
188 947 367 1026 Dupliciter,
395 945 568 1013 scilioctvol
591 947 821 1017 “naturaliter''
841 947 905 1011 hoc,
920 956 977 1017 est,
997 947 1035 1006 ub
1068 950 1073 990 ²·

87 1025 193 1087 eodem
215 1046 396 1106 possessore,
416 1025 464 1084 vel
485 1026 667 1096 “civilitor,''
688 1026 745 1084 boc
767 1037 824 1096 est,
844 1029 864 1085 is
885 1027 1035 1085 diversis:
1068 1062 1080 1080 ,

86 1106 159 1167 &sic
168 1108 196 1165 in
200 1104 883 1184 jnrcrdicitutitenvcnditorcmsemptcrem
893 1106 1039 1184 conjungi
1070 1120 1080 1138 ²

85 1195 231 1264 tempora,
252 1186 294 1249 sie
307 1196 341 1244 ut
354 1195 471 1264 emptor
485 1195 602 1262 tempus
626 1186 858 1262 proscriptionis
881 1196 1040 1264 computet

86 1265 105 1322 ὲ
118 1274 267 1343 tempore,
284 1285 344 1343 quo
357 1265 495 1324 venditor
508 1263 763 1342 prescriptionem
775 1265 895 1341 incepit.
1068 1262 1070 1269 '

126 1344 285 1418 Quomodo
300 1344 460 1422 impeditur
474 1344 658 1409 coutinrratt'o
676 1344 893 1421 possessionis?

126 1423 187 1484 111.
208 1425 247 1485 R.
268 1423 381 1487 Tribus
392 1423 502 1492 modis„
512 1423 650 1489 nimirum
660 1425 685 1480 si
699 1424 882 1501 praescriptio
896 1443 956 1482 uon
964 1443 1039 1502 pros

86 1503 181 1573 cedat,
192 1507 218 1565 si
231 1503 369 1572 dormiat,
382 1503 429 1563 vel
439 1505 462 1563 si
474 1504 716 1580 interrumpetur.

126 1581 182 1642 lv.
206 1585 251 1640 10.
270 1581 341 1641 Non
366 1581 508 1659 procedit,
538 1580 617 1649 dum,
630 1581 812 1659 prescriptio
836 1581 879 1640 ob
902 1581 1033 1660 aliquem

85 1679 201 1721 mosum
212 1680 271 1719 non
280 1671 379 1738 potest
388 1662 528 1738 incipere,-
536 1680 564 1718 v.
572 1680 602 1737 g.
611 1662 636 1718 si
648 1661 940 1723 hreres.immedistus
948 1662 1040 1732 iuris,

83 1739 152 1798 licet
166 1740 315 1818 ignoraus,
342 1750 520 1799 terestrem
534 1740 685 1809 furtivam,
713 1761 772 1798 nou
786 1741 1039 1819 potestpraescri-
1079 1765 1080 1768 ¹

83 1816 166 1878 bere.
207 1819 254 1878 ltu
268 1819 486 1879 institutionum
502 1819 684 1898 §Diuorum
699 1830 717 1857 “
728 1819 766 1879 de
777 1820 1034 1897 usucapionibus.”
1068 1851 1078 1865 2

84 1907 103 1935 “
120 1899 157 1958 Si
167 1898 217 1958 ille
231 1898 422 1978 (defunctus)
431 1898 555 1963 initium
558 1896 673 1975 justum
686 1919 748 1960 non
760 1897 872 1968 habuit,
888 1899 1039 1965 teredio.
1073 1903 1077 1936 ³

84 1985 104 2014 ‘³
116 1978 261 2115 (bionorum
273 1978 445 2055 possessori,
460 1977 531 2043 licet
545 1978 705 2055 ignoranti,
727 1979 874 2056 possessio
889 1999 954 2037 non.
963 1999 1039 2056 pro·.
1074 2007 1080 2019 r

84 2064 102 2094 “
138 2058 210 2117 ost.”

124 2136 216 2195 Ratio
230 2147 285 2207 est,
300 2130 382 2215 quod
392 2135 684 2202 immediatushteres
698 2134 818 2195 fictione
827 2135 903 2211 juris
912 2157 1035 2199 censear
1063 2137 1070 2196 i

81 2215 1030 2294 turunoeudemquepersouucummot'uuctmsdeoquepossidere

48 2288 55 2304 ’
80 2294 160 2355 mulis
170 2296 237 2365 odo,
252 2295 328 2354 sicut
341 2295 507 2355 defunctus.
1061 2319 1080 2354 r

122 2374 217 2435 Aliud
232 2385 279 2433 ost
296 2374 333 2434 de
348 2374 419 2443 illo,
433 2375 484 2452 qui
505 2373 661 2451 acquisivit
682 2393 744 2432 rem
766 2374 910 2433 furtivam
921 2376 941 2433 ri
952 2375 1028 2445 fure,
1062 2405 1080 2429 .÷

82 2451 141 2513 ulio
152 2465 314 2523 contractu,
329 2454 374 2515 vel
387 2454 561 2515 hereditate
572 2453 687 2513 tautum
696 2453 827 2512 mediatis
835 2454 864 2510 in
876 2454 1030 2519 bonafide.
1068 2495 1077 2511 .

122 2533 161 2593 V.
182 2536 230 2591 20.
252 2534 370 2591 Dicitur
386 2528 725 2611 prescriptio-dormire,
752 2532 823 2593 dum
836 2533 970 2610 legitime
983 2536 1028 2592 in·
1075 2544 1077 2551 '

82 2611 362 2683 chortosiccessot,
386 2623 429 2680 ut,
451 2612 1027 2684 {iniibdormitioniscausbreviviscet,
1064 2624 1079 2678 ι’

81 2693 191 2750 &unni
205 2692 321 2768 priores
343 2702 550 2768 computemur
573 2710 641 2755 cunt
660 2691 884 2768 posterioribus,
911 2693 1030 2757 omissis
1075 2704 1079 2715 ’

80 2771 141 2828 iilis
156 2771 261 2848 quibus
275 2771 434 2830 dormivitt
455 2771 497 2828 sic
511 2770 621 2829 dormit
636 2780 770 2847 temporo
783 2772 885 2848 pestis,
909 2770 1028 2849 quando
1075 2814 1076 2833 1

77 2847 129 2926 jus
142 2870 201 2909 non
212 2849 331 2920 dicitur,
345 2856 370 2909 o
384 2851 622 2928 omnitempore,
637 2869 799 2928 quoogere
813 2870 871 2908 non
877 2853 1030 2928 potestis,
1076 2903 1080 2912 .

81 2939 184 2988 contra
198 2949 286 3006 quem
308 2928 516 3006 proscribitur,
538 2949 566 2988 v.
580 2949 610 3006 g.
624 2930 652 2986 si
664 2929 703 2988 sit
717 2929 854 3006 pupillus,
882 2932 906 2988 si
921 2929 1029 2990 absens
1074 2980 1080 2985 .

82 3007 120 3066 ob
133 3008 250 3086 publicu
260 3009 390 3084 negotis,
404 3019 437 3065 ut
451 3008 577 3085 legatus,
593 3009 661 3066 dum
672 3008 805 3066 Ecclesia
816 3022 896 3067 caret
909 3021 1030 3068 rectore
1069 3027 1071 3031 ’

80 3097 133 3147 cut
146 3088 235 3147 babet
249 3088 453 3164 impotentem,
477 3087 588 3151 dormit
602 3088 784 3164 praescriptio
795 3099 898 3158 cont-ra
911 3107 986 3146 eum.
1073 3116 1080 3122 ·

121 3167 178 3228 Vt.
199 3170 246 3224 30.
262 3167 380 3224 Dicitur
389 3167 571 3243 praescriptio
580 3167 767 3242 interrumpi,
780 3164 848 3222 dum
858 3167 976 3245 inceptu
985 3165 1036 3227 sic'

79 3255 184 3318 cessat,
197 3257 231 3304 ut
240 3246 420 3323 posteriores
429 3246 497 3305 anui
511 3265 569 3305 non
581 3245 696 3322 possint
710 3264 774 3302 cum
787 3245 934 3322 prioribus
945 3266 1027 3304 corn-

77 3327 187 3404 putari,
214 3324 284 3383 iicet
298 3326 463 3394 reviviscat,
482 3324 539 3382 sed
554 3323 591 3382 de
605 3344 684 3382 novo
697 3323 786 3382 debet
800 3325 947 3384 inchoari:
968 3325 1031 3384 boc

78 3404 114 3463 fit
127 3405 175 3463 vel
190 3413 208 3442 “
219 3404 420 3474 naturaliter,”
430 3403 612 3463 dum-deficit
622 3402 734 3482 aliquid
745 3405 909 3464 necessario
925 3405 1027 3484 requi-

79 3484 168 3543 situm
183 3483 221 3543 ad
235 3485 504 3562 proscriptionem
524 3503 552 3542 v.
566 3502 595 3560 g.
609 3481 687 3541 boun
709 3483 782 3541 fides
805 3493 856 3541 uut
876 3485 1026 3561 possessio

78 3564 168 3621 etium
183 3564 213 3621 vi
226 3563 333 3632 abluta,
356 3565 413 3621 nisi
428 3572 512 3621 curet
533 3582 564 3620 se
578 3563 657 3620 intra
671 3582 777 3619 annum
788 3563 822 3634 ,iu
837 3564 1026 3640 possessione

77 3643 205 3713 restitui,
231 3643 299 3721 lege
313 3646 342 3700 3.
355 3643 419 3701 cod.
435 3643 530 3701 Uunn
543 3659 586 3700 vr.
604 3641 659 3703 vet
682 3651 701 3679 “
712 3641 865 3711 civiliter,”
885 3642 955 3700 dum
970 3663 1026 3720 per

73 3730 176 3780 sctum
187 3721 349 3796 juridicum
358 3722 574 3802 interpelletur,
587 3731 621 3781 ut
627 3740 686 3800 per
695 3721 758 3781 litis
768 3723 1025 3785 contestationem.

681 3958 777 3996 Α
