2160 4034
255 185 300 228 mr
320 182 560 229 connnnorrsus
579 182 614 227 ru
635 185 753 228 sonora.
927 168 989 226 ³68

49 283 129 344 :An
143 285 308 365 periculum
323 284 592 347 aritrdordinarinm
611 289 702 347 sortis
714 298 762 347 ost
769 284 871 366 justu'a
883 289 989 352 titulus

39 364 180 442 rxigandi
194 366 307 445 aliquid
320 388 411 445 supra
423 370 554 427 sortem?
841 412 845 417 -

67 443 136 504 lv.
151 445 191 504 R.
210 446 407 515 Affirmant,
429 458 534 524 ostquc
558 448 735 516 communis,
751 444 784 505 at
802 456 837 506 ut
859 444 988 521 ridetur,

39 524 264 584 »natica-carta
275 526 440 603 sententia
460 527 531 605 quia
554 526 715 603 periculum
741 526 875 586 hoo=aat
890 531 987 605 pratia

39 601 223 673 aestimabile,
254 624 338 682 acqua
364 625 398 663 aa
421 605 585 682 periculum
614 605 712 663 damni
741 607 939 683 emergentis:
963 609 988 667 si

39 680 117 738 mim
146 682 335 742 amittaratur
357 682 435 755 ‘sora
456 695 538 743 assat
558 680 714 741 mutuanti
731 684 869 743 damnum
894 707 989 747 amer·

39 776 129 895 {pun
149 781 224 840 argo
246 763 422 840 periculum.
439 764 609 833 amittanda
635 763 725 821 sortis
751 773 798 821 ast
823 765 987 842 pericnlum

72 839 138 897 mni
159 843 359 919 emergentis:
374 841 438 920 jam
452 854 552 900 autam
573 860 676 900 ornnes
699 842 861 902 admittunt
873 845 987 925 aliquid

39 930 123 977 rosta
134 921 217 996 exigi
231 939 285 998 pro
299 920 755 999 poriouio'damni'amorgantim
777 940 859 1000 orgo,
881 926 934 983 dac.

73 996 159 1056 Hinc
178 1009 262 1057 notat
277 1001 417 1078 Stayaort
436 1001 465 1057 in
479 1000 694 1078 oppandicoad
713 1001 864 1079 Wiggars,
884 1005 986 1064 omnia

39 1074 96 1135 :art
123 1082 299 1156 argumenta
324 1090 572 1157 contra·pactnm
598 1079 636 1138 de
660 1080 792 1157 par-ionio
819 1084 986 1142 extraordi-

39 1156 129 1225 tario,
151 1159 265 1216 moveri
279 1158 415 1217 similiter
438 1178 526 1236 possa
539 1169 643 1216 contra
665 1170 783 1237 pactum
802 1158 840 1218 de
854 1163 985 1238 periculo

39 1232 135 1293 iamai
148 1237 330 1314 emergentis
344 1236 390 1296 rai
404 1236 643 1309 lucriasssantia.
752 1284 755 1289 .
870 1282 875 1291 .

73 1314 114 1375 V.
136 1316 212 1374 Sunt
225 1317 343 1374 interim
359 1317 490 1395 quasdam
506 1318 690 1376 conditiones
704 1318 866 1391 servandas,
880 1330 915 1378 ut
928 1321 984 1380 hoc

39 1392 123 1452 titulo
135 1405 289 1454 mutuatur
300 1394 384 1473 justt
397 1397 560 1474 paciscatur
573 1397 611 1455 ds
624 1396 768 1454 auctario.
804 1440 808 1445 .
904 1438 912 1450 .

72 1472 194 1533 Prima:
216 1475 265 1535 Ut.
273 1474 435 1552 periculum
449 1476 488 1534 sit
502 1495 614 1545 varum,
639 1494 698 1533 non
712 1475 813 1534 fictum
834 1486 865 1536 at
879 1477 984 1555 proba·

39 1550 136 1611 uiliter
148 1555 313 1623 imminens,
335 1574 392 1613 non
407 1574 562 1613 commune
576 1566 608 1613 at
620 1555 814 1615 ordinarium.
847 1600 853 1615 .
880 1578 883 1583 ·
898 1598 903 1607 .
944 1600 957 1605 .-

72 1632 232 1692 Sacundat
251 1634 295 1694 Ut
308 1647 460 1693 mutuatur
473 1654 530 1692 non
545 1634 648 1711 exigat
661 1634 736 1711 plus,
752 1636 840 1714 qudrn
854 1634 985 1714 prodan-

39 1719 95 1768 tnnr
105 1712 223 1790 judicio
236 1713 399 1789 periculum
414 1713 588 1773 aestimatur.
857 1758 860 1763 Δ
976 1738 980 1753 ¹

70 1790 195 1851 Tertia:
219 1793 261 1852 Ut
274 1793 453 1851 mutuatario
467 1793 652 1872 relinquatur
667 1791 832 1851 libertas'in
847 1812 880 1853 aa
893 1796 984 1855 susci·

39 1868 133 1945 piandi
147 1872 320 1949 periculum,
333 1873 366 1930 si
390 1872 463 1932 velit
484 1884 515 1931 et
528 1873 632 1950 possit,
652 1872 790 1951 ponendo
805 1892 832 1931 r.
845 1892 874 1952 g.
883 1874 983 1954 ¹trypo-

39 1948 150 2008 tiraoam
163 1961 214 2008 aut
229 1951 455 2029 fida-jussorcm.
676 1982 686 1988 ··
923 1952 926 1957 ’

70 2028 135 2087 Ubi
148 2032 343 2090 mutuatarius
362 2043 407 2091 ast
421 2033 540 2091 omnino
561 2051 683 2111 pauper,
707 2032 839 2091 charitas·
858 2032 982 2112 obligat,

39 2106 79 2166 rel
104 2108 142 2167 ad
165 2109 291 2169 dandam
315 2111 532 2189 eladmosynam
557 2112 623 2170 loco
645 2112 750 2182 mutui,
777 2113 894 2190 quando
919 2114 983 2191 ejus

41 2186 310 2268 adigentia'gra'ris
324 2200 387 2259 ost3
406 2191 454 2249 rol
478 2190 526 2249 ubi
551 2202 686 2250 mutuum
710 2190 826 2262 sufficit,
850 2193 887 2250 ud
909 2190 980 2250 dan·

39 2265 102 2325 lum
116 2268 221 2327 saltam
235 2269 297 2327 sins
311 2270 452 2338 auctario,
473 2290 531 2328 non
546 2269 682 2328 obstante
697 2271 827 2348 periculo
842 2270 941 2330 sortis.

70 2346 223 2425 Objicitur
237 2348 554 2426 famosumoapituium
566 2347 754 2406 Navruaau
769 2348 805 2406 11ss
814 2352 842 2407 5.
857 2347 979 2409 Decrct.

39 2424 78 2484 tit.
95 2428 142 2484 19.
156 2427 185 2484 ἱη
197 2447 255 2506 quo
269 2428 341 2486 dicit
353 2429 516 2505 Gregorius
533 2428 608 2486 ixa
629 2437 647 2464 “
657 2427 820 2504 Naviganti
835 2429 880 2486 vel
896 2431 985 2488 eunti·

39 2514 47 2541 ¹
61 2505 101 2563 ad
114 2506 259 2564 nundinas
272 2517 384 2566 cartam
398 2519 535 2565 mutuans
549 2507 680 2585 pecuniae
696 2507 901 2586 quantitatem,
924 2528 978 2586 pro

39 2591 99 2643 ‘ao
123 2585 207 2662 qudd
229 2584 257 2643 in'
280 2606 313 2645 sa
335 2587 458 2663 suscipit
478 2586 641 2663 periculum
663 2585 774 2666 aliquid
795 2597 977 2664 recepturus

40 2672 48 2701 ⁴
63 2666 216 2737 usuarius
230 2677 276 2724 cst
289 2666 488 2723 concendat?
509 2685 591 2742 orgo,
612 2667 663 2723 &a

69 2743 109 2803 R.
131 2744 259 2817 Quidam
275 2745 385 2813 dicunt,
405 2743 466 2822 legi
480 2745 605 2803 debora:
628 2744 779 2803 usurarius
790 2764 848 2803 non
859 2755 901 2804 ert
915 2766 978 2806 aen·

39 2824 151 2882 maduo.-
174 2825 254 2900 quod
268 2824 414 2901 coliigunt
426 2843 465 2882 ax
478 2824 576 2882 vorbis
590 2823 759 2882 immediata
770 2825 979 2901 aequantibus:

39 2900 84 2960 illc
96 2922 206 2981 quoquc
226 2907 278 2980 qui
293 2905 345 2961 dot
361 2906 451 2961 decem
463 2903 575 2971 solidor,
595 2903 645 2977 ἐμ.
664 2922 721 2961 non
733 2900 810 2960 data
819 2922 855 2961 ea·
866 2924 898 2962 so
910 2922 976 2964 aaa·

39 2983 126 3041 wiso
134 2982 287 3059 judicari.-
308 2983 358 3041 ubi
371 2980 517 3060 'particula
538 3000 648 3059 quoquc
670 2981 799 3039 adstruit
819 2983 977 3041 conformi-

40 3069 121 3119 atam
136 3061 271 3120 secundas
285 3061 497 3119 enuntiationis
511 3080 576 3118 curn
591 3061 700 3138 priora.
724 3104 728 3109 -
777 3102 781 3111 ·
816 3104 819 3109 -
904 3080 908 3087 ·

67 3140 134 3198 Alii
148 3139 259 3209 dicunt,
282 3141 456 3199 Pontificem
471 3139 585 3198 tantuna
601 3140 680 3220 ioqui
695 3138 734 3197 da
751 3138 882 3216 paricqu
897 3142 975 3199 ordi·

39 3219 113 3277 tario
127 3230 159 3278 st
172 3220 329 3288 comminui,
349 3219 436 3302 quala
450 3220 645 3279 communitor
656 3228 701 3278 ast
714 3218 744 3276 in
758 3220 918 3297 navigante
929 3220 976 3281 rel

39 3308 119 3356 eunte
133 3298 171 3357 ad
185 3299 338 3357 nundinas.
917 3326 921 3335 ¹
972 3326 975 3331 Δ

65 3377 203 3438 'Pandam
225 3379 315 3458 aliqui
339 3377 529 3457 respondent,
553 3377 728 3437 Pontificem
752 3398 841 3455 agera
865 3376 902 3435 ds
926 3398 972 3447 eo,

39 3456 77 3549 pai
91 3456 213 3516 affectat
226 3459 297 3515 dara
312 3470 455 3526 mutuum,
477 3469 508 3517 at
531 3459 561 3514 in
585 3477 617 3517 aa
642 3457 705 3517 vult
724 3457 887 3537 paniculum
910 3478 975 3517 sur·

39 3554 135 3673 upana
162 3556 221 3594 non
248 3537 418 3615 relinquens
443 3537 613 3596 libertatern
639 3537 818 3596 mutuatorie
845 3538 977 3615 ponendi

39 3613 46 3671 i
65 3613 240 3693 ajussoram,
261 3617 468 3696 hypothecam,
488 3616 634 3755 ἀφέω
647 3628 681 3677 ut
689 3616 886 3676 mutuatarius
900 3636 976 3696 qut·

66 3710 138 3754 von.
152 3712 188 3754 ιι.
586 3714 607 3754 u
