2160 4034
59 149 99 207 so
463 162 649 206 rmcrnrns
689 174 693 179 ·

113 266 187 332 Vll.
209 264 376 326 Fatendum
401 266 751 345 tamen,etsi'l'l1eologi
778 266 822 325 si'e
848 268 985 327 unanimi

74 348 235 415 resolvant,
264 346 362 405 varios
386 348 584 426 Jnrinperitos
604 348 692 407 aliter
705 346 806 427 loqui:
834 347 913 406 unde
934 350 985 410 etit

74 427 177 505 praxis
190 425 381 486 tribunalium
402 425 512 506 ubique
524 427 589 487 iere
603 425 751 495 observat,
773 438 806 485 nt
830 426 869 485 de
881 426 985 491 fruetii

74 517 145 565 ante
157 505 308 584 inceptum
315 504 460 582 judicium
472 507 621 585 perceptis
631 505 716 569 bone
723 504 794 563 fidei
803 524 957 584 possessor
965 528 985 569 n

73 595 221 655 teneatur,
242 605 296 645 nee
309 595 455 645 treetetnr
473 585 513 647 de
522 586 713 664 consumptis,
728 585 805 644 sitne
819 605 857 644 ex
872 586 909 644 iis
930 584 985 663 feet

72 664 166 725 ditior
178 683 215 723 an
230 682 299 723 non.
806 670 807 675 ’

115 742 148 801 ln
158 741 234 802 hane
242 762 304 801 rem
314 742 404 803 habet
413 743 660 803 haeoolarissimos
670 742 846 804 Stoelemans
855 743 944 803 denis.
956 744 985 807 lt

73 831 91 861 “
108 821 142 881 In
152 820 391 900 judieiisnostris
401 822 517 883 obtinet
524 825 672 882 sententia
680 814 854 905 eorum,'qni
862 823 944 881 boote
953 822 985 885 ild

74 912 92 971 ‘f
107 902 270 980 possessori
280 900 416 961 tribuunt
425 923 526 963 omnes
536 903 649 961 fruetus
659 912 824 980 perceptos,
838 922 897 961 non
907 911 985 963 tantn

74 991 92 1018 ¹⁶
107 981 159 1059 qui
172 979 363 1041 industrinles
376 983 524 1053 dicontur,
545 981 597 1041 sed
612 980 872 1055 etiamnaturales,
897 1000 951 1040 neo
963 982 985 1040 di

74 1054 93 1097 ‘²
107 1061 281 1139 tinguimus,
292 1080 329 1123 an
342 1059 520 1139 locupletior
532 1060 628 1120 iaetus
642 1060 682 1119 sit
695 1080 857 1138 possessor,
885 1080 922 1118 an
937 1080 985 1121 not

111 1149 131 1177 “
145 1138 238 1203 Nulla
252 1140 340 1199 etiam
352 1140 522 1201 differentia
532 1140 566 1199 lit
580 1140 610 1197 in
623 1140 679 1199 liae
688 1149 774 1218 parte
788 1141 868 1199 inter
873 1139 985 1218 juditio

71 1217 275 1283 “universale
298 1218 453 1299 petitionis
478 1218 670 1291 hereditatis,
695 1229 726 1277 et
740 1219 783 1277 rei
798 1218 985 1279 vindieationi

70 1307 89 1336 ‘¹
104 1296 160 1357 etsi
175 1298 253 1357 enim
263 1296 315 1376 jus
329 1318 485 1360 commone
503 1298 604 1367 distet,
619 1317 819 1376 possessorem
839 1296 985 1359 heredita·

71 1387 90 1447 ‘,‘
104 1377 264 1457 restituere
275 1376 388 1445 ,debete
407 1380 523 1444 fruetus
536 1379 625 1437 etiarn
637 1389 837 1455 consumptos,
864 1397 905 1435 ex
917 1378 985 1459 quib

66 1465 91 1494 ¹⁸
104 1454 283 1535 locupletior
294 1456 391 1521 iaetus
405 1460 451 1517 est¹
460 1480 468 1519 t
477 1457 669 1537 'generaliter
681 1468 826 1537 tenemus,
848 1456 933 1515 bonne
953 1456 985 1517 fir'

69 1545 88 1574 ‘⁴
103 1536 315 1612 possessorem,
326 1537 389 1595 sive
401 1539 444 1596 rei
459 1536 625 1615 singularis,
640 1535 904 1605 sivehaereditatis,
920 1556 985 1595 omn

70 1623 90 1653 ⁴³
100 1615 247 1689 fructosa
261 1615 324 1681 solo
338 1626 491 1694 separatos
501 1617 620 1686 lucrari,
629 1627 660 1676 et
670 1613 786 1675 tanttlm
805 1614 835 1673 in
857 1616 985 1675 restituti

69 1702 88 1775 ‘.‘
98 1713 170 1769 nem
185 1695 288 1758 venire
300 1694 414 1759 fruetus
432 1693 614 1756 'endentes’'
654 1695 729 1773 Hae
741 1714 797 1773 pro
808 1695 874 1753 foro
885 1706 985 1755 exteri

110 1772 180 1832 Non
191 1783 312 1832 tenetur
320 1772 404 1835 bonis
434 1774 985 1854 deipossessorrestituerefinetnsms

71 1852 276 1923 industriales3
298 1855 436 1931 quianon
448 1852 702 1924 suntfruetusrel,
712 1853 765 1913 sed
775 1851 948 1913 industries:
968 1874 985 1913 n

73 1931 206 2007 legitime
216 1933 415 2010 praeeoriptos,
423 1938 554 2016 nutqnos'
563 1930 641 1993 boni
650 1932 867 2013 fidepereipere
876 1933 985 2012 aeglea

72 2010 119 2076 vel
140 2012 240 2090 perire
263 2011 415 2090 perminis
435 2012 511 2077 sieut
530 2033 586 2072 neo
595 2022 715 2071 tenetur
729 2011 766 2071 de
781 2012 864 2071 luero
878 2012 985 2073 eessnn

71 2088 180 2148 dnmno
194 2089 284 2150 etiam
299 2101 481 2170 emergente,
504 2092 550 2152 vel
561 2086 604 2151 rei
620 2091 862 2151 deterioratione.

69 2304 178 2395 tto.
228 2327 289 2389 nn
318 2322 535 2397 nxrnnsrs
564 2328 848 2390 nnnocnnnrs
869 2329 899 2389 A
922 2328 985 2392 eo

301 2408 492 2470 sessonn
512 2408 648 2470 norm
669 2408 801 2468 emm.

76 2624 81 2635 ,
119 2565 267 2632 Possessor
289 2566 366 2626 bostro
381 2568 459 2647 fidei
476 2569 607 2627 deducere
700 2577 864 2645 tmpestas
885 2568 968 2627 utiles

80 2665 287 2789 &plemam
341 2647 383 2706 ΙΙ.
411 2648 492 2720 Quid
516 2648 550 2706 de
621 2648 771 2727 upeunriis.
813 2646 892 2745 ΙΙΙΙ.
918 2647 985 2709 Oba

111 2880 408 2955 QUOTUPLIGIS
427 2885 546 2961 generis
555 2883 777 2963 distinguuntur
788 2900 925 2961 expensae
936 2885 952 2943 Ρ

109 2960 148 3033 R.
171 2959 322 3039 Tripliels,
341 2963 454 3022 seilicet
468 2965 650 3034 necessarie,
660 2963 758 3033 utiles,
770 2962 985 3042 etvoluptuarii

110 3038 260 3117 Expensae
271 3046 443 3107 necessarie
454 3043 601 3112 dicuntur,
610 3043 674 3101 sine
685 3043 790 3122 quibus
800 3062 849 3101 res
859 3042 985 3103 interitu

69 3126 121 3189 tut
136 3120 344 3185 deteriorando
356 3122 444 3193 foret,
459 3136 493 3182 ut
506 3122 646 3182 alimenta
658 3120 838 3181 animalium.
969 3176 973 3183 .

73 3195 93 3205 ”
111 3196 209 3258 Utiles
223 3213 299 3270 sunt,
321 3221 386 3282 quae
409 3202 466 3263 etsi
490 3201 662 3264 necessarie
676 3221 734 3258 non
750 3201 818 3272 sint,
841 3221 903 3260 rem
916 3210 985 3262 tamt

69 3276 199 3337 'efficient
212 3278 375 3351 meliorem,
397 3282 444 3340 vel
453 3291 564 3359 augent
575 3281 641 3358 ejus
654 3281 777 3338 fruetus.

109 3356 314 3443 Voluptuariae
329 3372 407 3430 sunt,
418 3381 484 3443 qum
499 3381 554 3419 nee
564 3360 780 3419 conservationi
795 3360 848 3430 rei,
869 3378 925 3419 neo
938 3360 985 3420 fre

70 3435 503 3515 tibusangtndisserviunt,sed
512 3440 606 3499 soldm
618 3451 791 3498 ornamento
800 3451 851 3499 aut
860 3438 984 3518 volupta

109 3515 160 3575 An
171 3528 202 3579 et
215 3517 316 3606 quales
326 3538 471 3597 expensas
492 3519 639 3580 deducere
652 3516 752 3604 potest
766 3518 849 3580 bonae
863 3518 933 3580 fidei
945 3540 985 3602 po

86 3612 185 3667 ¹sessor
195 3616 224 3662 tn
235 3598 424 3664 restitutione
437 3599 482 3660 rei
492 3599 620 3664 aliene?
