2160 4034
119 148 180 207 274
432 194 436 205 .
500 168 686 212 maorsrus

112 304 154 367 Ν.
181 308 210 366 o.
270 306 330 366 on
351 306 581 372 consensu
608 310 849 385 anoutstro
872 310 936 373 An
959 310 1051 375 cona

378 464 381 469 ¹
475 388 699 451 Tuncrum.

114 503 139 566 l.
163 505 321 566 Contentus
333 510 374 566 ad
383 518 553 568 matroctum
565 511 642 570 debet
651 531 708 571 erse
719 512 883 589 reciprocae,
928 508 970 571 11.
997 510 1055 571 Ea·

150 594 255 655 mss,
297 586 357 646 lll.
376 587 528 647 Elaeam.
583 590 639 650 tv.
660 591 793 650 laumas
812 593 846 649 in
867 599 1055 651 amcos·

149 662 264 724 caestu
305 667 344 726 V.
364 667 432 726 Noa
452 670 485 726 s'a
505 671 698 728 menonem.
738 668 794 730 vl.
813 668 874 729 Noc
893 671 928 728 ἐκ

140 746 251 804 sionem
262 745 448 822 obligationis.
498 746 573 808 Vll·
591 748 718 829 Recepto
734 751 925 809 maesoaio
966 746 1014 809 Vl
1033 749 1054 809 l.

150 822 195 882 Bt
208 824 289 903 forte
300 826 487 905 moasolibus.

145 946 315 1023 ,QUALIS
329 968 488 1009 consensus
502 949 663 1031 requiritur
672 948 711 1010 ad
720 948 851 1009 valorem
864 946 1053 1009 contractius?
1074 988 1077 1013 ;

150 1022 393 1165 R&Illp)oiprocus
407 1028 434 1087 8r
447 1038 598 1101 externus,
617 1028 769 1107 legitimus
783 1049 817 1088 ac
840 1027 946 1101 serius,
968 1026 1051 1087 iuter·
1070 1022 1077 1089 .·'

110 1123 166 1165 nus
232 1126 305 1167 ier.
1065 1102 1076 1153 Γ

151 1176 310 1259 Quomodo
333 1206 492 1247 consensus
513 1187 748 1247 contrabentium
776 1185 866 1247 debet
888 1204 954 1246 esse
981 1156 1077 1277 reci:

109 1267 242 1342 procus?
1062 1310 1076 1353 ,Ἃ

150 1343 175 1402 Ι.
195 1344 236 1404 R.
255 1346 315 1404 Per
328 1344 393 1417 hoc,
415 1345 495 1425 quod
518 1345 668 1423 reciproce
690 1345 876 1405 consentiant
899 1343 928 1402 in
944 1342 1042 1422 obliga·
1062 1354 1072 1417 ’ς

108 1422 239 1483 tionem:
260 1424 303 1485 sio
322 1425 354 1483 in
377 1426 511 1485 onerosis
534 1425 651 1503 singulo
672 1445 742 1503 pars
763 1433 898 1503 acceptat
919 1422 1076 1505 οΜίμιί.ἶ

107 1521 203 1573 onem,
225 1513 256 1562 et
269 1504 416 1563 consentit
437 1504 467 1562 in
492 1524 573 1563 suam
595 1504 764 1583 propriam:
788 1503 818 1561 in
832 1503 972 1582 gratuitis
985 1506 1042 1564 verb
1062 1508 1076 1586 ’ξ

105 1601 246 1661 unapars
260 1585 407 1643 consentit
421 1588 451 1641 in
465 1584 686 1662 obligationem,
701 1583 829 1642 &altera
839 1602 908 1661 pars
921 1592 1042 1668 acceptat
1064 1626 1076 1667 Ι

107 1681 281 1721 consensum
296 1664 403 1741 prioris
414 1664 444 1721 in
459 1663 680 1740 obligationem.
1030 1700 1034 1707 ·
1064 1706 1076 1747 1

146 1740 234 1801 Unde
249 1762 406 1801 consensus
420 1742 657 1802 contrabentium
666 1740 755 1801 debet
769 1742 858 1801 otiam
873 1760 939 1801 esse
953 1740 1042 1801 simul·
1066 1786 1076 1823 2

108 1828 230 1880 taneus:
263 1831 347 1900 petet
369 1823 457 1881 etiam
485 1820 642 1903 nequidem
670 1821 897 1900 promissionem
923 1819 1041 1898 aliquam
1067 1866 1076 1879 .

107 1897 240 1981 obligare
261 1901 317 1959 “io
331 1902 447 1960 ratione
461 1901 656 1972 contractus,”
676 1900 734 1959 nisi
742 1901 780 1960 sit
788 1909 950 1979 acceptata,
962 1898 1043 1979 idque
1068 1888 1076 1905 ⁴

107 1976 225 2038 defectu
239 1980 398 2039 consensus
411 1981 600 2058 acceptentis.
1072 2050 1076 2055 Ι

123 2134 126 2139 ¹
145 2056 266 2117 Dicitur
286 2069 304 2097 ‘⁴
315 2059 345 2116 in
359 2059 474 2118 rationo
489 2058 691 2127 contractbs;”
711 2058 780 2141 quia
802 2056 961 2136 promissio
979 2056 1044 2117 obli'·

105 2154 178 2273 gpre
191 2148 291 2217 potest
301 2158 339 2196 ex
348 2138 459 2198 virtute
473 2138 641 2217 Religionis
661 2146 680 2177 “
690 2138 720 2197 in
734 2137 849 2197 ratione
860 2136 951 2209 roti,'’
971 2136 1045 2231 quod

138 2235 190 2275 eus
212 2227 363 2296 acceptat:
384 2217 474 2297 idque
486 2217 583 2277 locum
602 2216 693 2278 babet
706 2217 796 2279 etiam
810 2218 840 2275 in
854 2217 1045 2297 promissione

104 2297 186 2355 mere
197 2298 323 2369 interna,
343 2318 371 2356 v.
384 2317 415 2377 g.
428 2297 466 2356 sd
476 2298 540 2376 pias
553 2317 665 2357 causas.

145 2374 303 2451 Quomodo
317 2397 475 2436 consensus
489 2375 579 2437 debet
592 2397 657 2437 osse
671 2377 835 2437 externus?

141 2454 185 2516 11.
206 2456 244 2517 R.
272 2458 332 2516 Per
353 2458 471 2535 signum
492 2467 649 2516 externum
673 2456 852 2515 sufficienter
873 2456 1047 2515 consensum

102 2535 289 2629 exprimens:
309 2536 415 2596 suffieit
428 2547 528 2595 autem
538 2538 722 2618 quocumque
736 2534 822 2612 signo
832 2532 1046 2605 manifestetur,

101 2612 158 2673 nisi
180 2615 250 2673 dum
272 2627 353 2675 certa
366 2614 545 2687 solemnitas,
566 2626 616 2674 tan
638 2635 706 2673 uam
729 2613 827 2671 forma
848 2611 1047 2673 substantialis

100 2690 270 2772 hujusmodi
284 2697 461 2769 contractos,
482 2697 500 2757 ὲ
508 2695 578 2775 jure
592 2636 641 2754 vel
650 2690 862 2755 cousuetudine
876 2693 1047 2781 praescripta

101 2784 155 2833 est.
1025 2814 1028 2819 -

141 2844 202 2913 llI.
222 2852 323 2915 Debet
336 2854 426 2914 etiam
439 2874 598 2915 consensus
609 2864 751 2915 externus
765 2871 829 2912 esse
841 2850 946 2922 serius,
958 2851 1001 2909 ita
1013 2858 1045 2911 ut

101 2930 186 3070 signa
208 2943 333 2993 externa
354 2934 484 2993 indicent
505 2932 615 2995 serium
638 2934 768 2993 animum
782 2928 986 3001 contrahendi,
1013 2938 1045 2989 ao

100 3031 118 3069 a
139 3031 175 3070 eo
188 3032 253 3071 sese
267 3009 434 3091 oblig'andi:
455 3013 522 3073 hinc
536 3022 591 3084 est,
632 3012 692 3072 uod
705 3031 780 3071 unus
794 3008 921 3071 dicendo
939 3008 1044 3083 alteri:

100 3098 119 3159 ξ’
133 3091 221 3151 Dabo
236 3093 290 3151 tibi
304 3093 386 3171 boc,’'
406 3112 465 3152 non
477 3090 621 3171 sempero
641 3090 752 3169 ligetur
763 3089 931 3168 exjustitia
942 3089 1044 3149 ad'boc

99 3172 297 3251 prestandum
309 3197 317 3243 ;
351 3172 421 3251 quia
443 3170 533 3231 rerba
555 3171 612 3231 ista
633 3190 712 3249 supe
740 3169 854 3229 tantrlm
882 3170 1043 3247 important
1073 3228 1075 3245 ,

97 3250 294 3330 propositum,
315 3272 367 3311 seu
380 3252 518 3311 affectum
532 3250 589 3311 boc
602 3247 758 3331 aliquando
769 3248 906 3309 faciendi.
1073 3248 1075 3259 '

138 3330 245 3405 Qualis
258 3330 348 3390 debet
361 3351 425 3391 esso
437 3328 596 3391 consensus
609 3328 765 3390 internus?

137 3408 176 3469 R.
198 3410 437 3478 Prunotandum
447 3411 620 3469 consensum
634 3410 783 3467 internum
793 3426 881 3487 posse
894 3407 1039 3485 respicere
1072 3460 1075 3475 ,

97 3487 156 3546 tria
169 3491 337 3570 sequentia:
363 3492 405 3548 [⁰.
420 3490 506 3549 Ferri
521 3500 619 3568 potest
633 3490 663 3546 in
677 3486 783 3546 seriam
797 3486 975 3565 positionem
991 3490 1040 3546 eui
1070 3482 1075 3575 j

95 3576 248 3628 ternorum
272 3569 449 3628 contractus.
483 3571 530 3626 20.
557 3569 592 3628 In
613 3567 827 3646 susceptionem
843 3564 1039 3644 obligationis.

96 3648 144 3706 30.
165 3648 201 3707 In
215 3650 419 3710 executionem
434 3647 624 3727 obligationis
637 3645 815 3707 contractius.

135 3725 170 3787 In
185 3729 265 3810 quod
279 3748 318 3791 ex
335 3728 400 3791 istis
413 3729 508 3792 tribus
521 3728 594 3791 ferri
608 3726 697 3791 debet
710 3744 868 3791 consensus
882 3725 1038 3788 internus?
1072 3810 1075 3815 Ι
