2160 4034
104 166 163 226 246
401 172 422 207 ··'
487 178 673 224 rnncrsrus
743 172 748 179 '
777 174 780 179 '
1055 39 1065 219 d

108 298 114 325 ·¹
144 288 169 347 Ι.
183 287 221 347 R.
237 285 299 364 Ipsi
312 276 392 356 lisso,
402 284 454 368 qui
464 285 490 345 si
500 295 635 346 mortuus
644 284 745 355 inerit,
755 285 908 345 restitutio
917 283 1041 346 faciendo
1065 219 1076 363 ,i

105 375 151 427 est
165 367 229 444 ejus
235 364 415 437 -hreredibns,
429 367 657 447 qualescumque
671 365 714 423 illi
727 365 848 434 fuerint,
872 365 938 424 sive
950 384 1040 425 neces·
1066 397 1076 443 p

105 447 185 516 sarii,
211 455 244 504 ut
258 457 327 504 sunt
339 445 402 515 iiiii,
425 456 564 523 parentes
585 458 616 505 et
629 464 714 515 uxor,
738 446 801 503 sive
821 444 992 514 voluntarii,
1012 456 1044 509 ut
1058 479 1074 527 n

103 525 465 603 fratres‚putrui,nepotes
473 525 616 583 ueletiam
625 525 838 594 extranei‚sive
846 522 1039 584 sintiraeredes
1073 556 1076 592 ι

104 604 142 679 ab
156 605 306 675 intestato,
334 604 397 663 sive
410 623 449 663 ex
463 612 660 664 testamento:
680 604 757 661 ratio
772 613 826 673 est,
853 602 936 681 quod
956 602 1043 664 here

104 685 296 762 quiscumque
308 683 484 742 universalis
497 694 691 760 representet
699 702 856 761 personam
868 680 1009 751 defuncti,
1016 693 1040 742 ct
1068 696 1076 755 t

104 763 242 822 succedat
256 764 284 820 in
299 762 399 821 omnia
406 763 478 841 jura
487 761 630 840 ejusdem.
671 763 719 822 Ita
732 764 879 821 sustinent
895 761 1040 840 Wiggers
1063 795 1076 839 μ

104 843 281 920 Periugnet.
292 848 343 901 &c
362 851 466 901 contra
479 841 616 901 Lessinm
629 850 661 900 et
675 841 812 899 Billuart.
1072 855 1076 863 ·

143 923 194 980 An
209 921 357 981 homicida
366 921 456 980 etiam
470 930 591 980 tenetur
603 921 714 999 aliquid
728 921 893 998 rependere
907 918 1040 979 aliiscon·
1062 940 1076 993 ι

104 999 273 1078 sanguineis
286 999 334 1059 vel
348 999 537 1078 pauperibus,
560 1019 634 1082 quos
654 999 752 1059 alebat
765 1001 898 1058 occisus:
918 999 992 1058 item
1010 1019 1039 1059 au
1062 1016 1076 1073 ε

103 1090 224 1139 tenetur
237 1079 434 1139 creditoribus
446 1080 544 1149 occisi,
566 1079 591 1138 si
605 1079 675 1140 inde
688 1079 799 1157 aliquid
814 1077 991 1156 patiantur?
1018 1098 1021 1105 ·
1062 1095 1076 1151 ,ς

145 1160 187 1219 ΙΙ.
202 1159 240 1219 R„
263 1161 322 1218 Per
335 1179 368 1218 se
380 1158 529 1237 loquendo
543 1178 602 1218 non
616 1169 757 1228 tenetur3
776 1158 847 1237 quia
860 1156 958 1216 omnis
971 1156 1039 1216 actio
1061 1162 1076 1233 'fl

104 1239 193 1298 occisi
216 1238 358 1298 adversds
381 1236 557 1297 homicidam
580 1238 687 1296 transit
707 1238 744 1296 ad
768 1237 910 1308 haeredes,
936 1236 1066 1297 ιιοιιιιάι

103 1317 187 1388 aiios,
201 1318 259 1377 etsi
272 1320 506 1396 consanguineos
519 1317 567 1377 vei
580 1316 752 1376 creditores.
1060 1260 1076 1401 t

144 1397 265 1456 Dictum
281 1407 327 1456 est
340 1406 360 1436 “
369 1417 425 1475 per
435 1416 467 1457 se
476 1395 625 1475 loquendo
633 1396 658 1466 ;”
672 1397 741 1474 qnia
748 1394 940 1456 admittendse
947 1393 1040 1455 videu-
1073 1420 1076 1425 ·

103 1487 153 1536 tur
167 1476 232 1535 dure
246 1476 447 1554 exceptiones.
766 1488 768 1493 '
1013 1504 1016 1509 ·

145 1555 205 1619 111.
227 1557 345 1615 Prima:
360 1555 384 1614 si
396 1555 509 1615 occisus
519 1554 616 1616 alebat
628 1565 767 1635 parentes
780 1553 819 1613 ob
832 1563 1041 1634 paupertatem,

106 1635 157 1714 qui
176 1635 240 1713 jam
253 1635 293 1693 ali
306 1655 365 1694 non
388 1644 522 1712 possunt,
544 1644 665 1694 tenetur
686 1634 834 1693 homicida
847 1635 878 1693 id
893 1634 1044 1713 supplem

106 1712 177 1793 quia
190 1715 303 1774 occisus
314 1714 343 1773 in
357 1732 426 1773 casu
440 1711 597 1773 tenebatur
604 1713 847 1791 parentesalere3
861 1724 891 1773 at
912 1733 951 1773 ue
961 1711 1045 1772 etism

106 1793 148 1873 (si
162 1792 303 1874 heberet)
316 1792 446 1851 moriens
459 1791 636 1870 relinquere,
650 1803 685 1850 ut
694 1792 853 1853 alerentur.
926 1812 944 1852 e
957 1809 1047 1851 uxore

105 1872 185 1932 idem
200 1872 373 1932 dicendum:
394 1881 425 1930 et
439 1872 481 1930 ita
493 1871 601 1949 passim
611 1870 774 1948 judicator,
782 1873 825 1931 ait
837 1872 1030 1949 Steyoertius.

147 1946 300 2011 Secunda:
321 1951 346 2009 si
366 1951 514 2010 homicida
531 1950 696 2020 occidisset,
710 1971 739 2008 v.
748 1971 778 2029 g.
792 1952 940 2012 Joannem
955 1969 994 2009 ex
1006 1951 1047 2008 iu·

105 2030 249 2099 tentione,
264 2042 298 2089 ut
308 2048 453 2108 pauperes
465 2029 654 2109 privarentur
664 2030 869 2103 eleemosynis,
883 2029 931 2088 vel
942 2039 976 2087 ut
989 2047 1048 2087 cre·

105 2109 218 2168 ditores
232 2110 358 2170 Joannis
379 2109 569 2187 privarentur
588 2108 755 2167 solutione:
775 2118 893 2167 tenetur
915 2107 1048 2185 utrisque

105 2189 249 2249 resarcire
273 2189 395 2258 damna3
421 2189 490 2266 quia
508 2207 561 2266 per
575 2188 635 2245 vim
649 2186 789 2265 injustam
802 2188 882 2266 ipsos
895 2185 1050 2266 impedivit

95 2269 141 2328 ab
155 2267 317 2328 obtinenda
328 2268 476 2328 solutione
490 2279 542 2327 aut
553 2267 636 2325 lucro
650 2267 854 2344 eleemosynae.

144 2350 195 2407 An
210 2347 313 2406 saitem
325 2346 473 2406 homicida
485 2366 544 2405 non
557 2356 677 2405 tenetur
690 2347 848 2405 restituere
857 2343 1052 2405 creditoribus

105 2428 202 2498 occisi,
217 2446 286 2486 cusu
297 2446 357 2505 quo
367 2425 432 2505 ejus
442 2425 574 2486 heredes
587 2444 647 2484 non
660 2425 785 2496 solvent,
799 2435 831 2485 et
844 2426 958 2485 occisus
969 2427 1053 2486 oeno

106 2507 267 2567 solvisset?
1067 2475 1076 2513 Ι

145 2587 201 2645 lv.
221 2587 260 2648 R.
291 2584 451 2664 Neptune,
474 2584 532 2643 nisi
559 2585 590 2641 iu
613 2603 682 2642 casu
704 2583 838 2642 secundas
865 2556 1076 2672 exceptionis:

104 2667 227 2744 positae:
248 2665 326 2724 ratio
339 2676 394 2734 est,
419 2663 498 2742 qudd
511 2663 658 2722 homicida
671 2662 840 2733 satisfaciat,
864 2664 889 2720 si
903 2664 1046 2735 restituat,
1064 2694 1076 2752 i

106 2764 171 2822 quse
187 2743 285 2812 debet,
300 2743 465 2805 heredibus
480 2742 585 2802 occisi:
609 2742 687 2821 qnod
701 2743 725 2800 si
740 2743 854 2801 illinon
869 2743 1045 2802 satisfaciant
1065 2792 1070 2829 ἱ

106 2822 302 2882 creditoribus
315 2823 412 2894 occisi,
426 2823 483 2881 hoc
496 2824 635 2900 provenit
648 2842 687 2881 ex
700 2821 813 2894 malitia
826 2823 969 2900 ipsorum,
993 2841 1045 2881 non

105 2902 269 2961 homicide.

147 2979 218 3058 Obj.
242 2984 267 3039 1.
288 2980 448 3040 Homicida
460 2980 559 3040 medio
573 2980 695 3059 injusto,
718 2989 823 3058 utpote
832 2979 964 3038 violenta
977 2979 1045 3038 occi·

109 3060 201 3130 sione,
212 3060 338 3139 impedit
351 3061 514 3120 creditores
525 3061 544 3120 d
557 3060 862 3138 solutione,pauperes
875 3058 912 3118 nb
928 3059 1048 3118 eleimo-

26 3210 30 3215 ῃ
106 3140 205 3219 synisr
219 3141 363 3217 ergo,8rc.

145 3220 184 3279 R.
205 3218 288 3296 Neg.
298 3229 393 3278 antec.
406 3219 484 3278 ratio
495 3228 549 3289 est,
572 3219 653 3300 quod
666 3217 736 3277 dum
750 3216 896 3276 homicida
910 3215 1048 3276 intentio·
1075 3252 1076 3257 κ

105 3317 174 3357 nem
187 3317 246 3356 non
259 3297 349 3356 habet
362 3299 488 3357 nocendi
501 3297 707 3367 creditoribus,
721 3296 910 3375 pauperibus,
924 3302 978 3355 &c
991 3316 1049 3356 non

107 3387 262 3439 censeatur
274 3376 332 3435 illis
346 3377 390 3435 vis
408 3377 565 3448 illatnsed
580 3378 735 3436 dumtaxat
748 3377 854 3435 occiso.

144 3457 205 3518 ob.
226 3457 269 3516 ΙΙ.
291 3455 424 3515 intentio
447 3457 490 3514 nil
512 3466 610 3515 mutat
632 3455 661 3513 in
686 3474 776 3532 opere
800 3466 947 3514 externo:
967 3455 1051 3533 atqui

104 3537 218 3596 seclusa
231 3535 406 3607 intentione,
433 3554 507 3612 opus
520 3546 676 3595 externum
700 3554 759 3593 non
774 3545 820 3593 est
833 3534 976 3612 injustum
990 3555 1051 3593 res·

103 3625 192 3693 pecto
203 3615 396 3690 creditorum,
410 3633 585 3695 pauperum,
598 3619 650 3675 &a
662 3632 735 3692 ergo
744 3613 870 3674 nectale
885 3614 943 3674 erit
953 3615 1053 3694 posita

102 3695 344 3756 intentioneisn.
418 3730 421 3735 ·

1066 2874 1076 2911 i

1068 2953 1076 3010 i

1068 3032 1075 3070 ι
