2160 4034
284 140 288 145 -
354 120 396 163 ua
414 119 494 163 runc
514 120 557 162 ar
575 114 730 163 rosrrrrri.
959 101 1016 161 155

42 224 50 235 ”
90 216 217 300 Aliqui
241 221 355 281 addunt
374 221 449 281 duos
473 221 546 281 alios
563 222 685 281 modos:
714 223 758 280 l0.
779 220 828 280 Ex
848 220 1024 299 ignorantia

35 296 172 361 leviter
186 302 337 379 culpabili,
352 303 431 381 quod
445 322 493 361 res
507 302 546 360 sit
559 302 665 360 aliona.
706 304 753 358 2⁰.
774 300 868 374 Qudd
878 302 1016 362 dominus

41 379 82 437 in
107 383 247 440 materia
267 382 351 458 gravi
366 402 423 439 non
438 384 477 439 sit
492 381 615 439 multum
630 381 751 448 inritos,
776 381 822 437 vel
841 392 955 439 tantum
977 383 1017 440 sit

42 456 177 518 tarvisus
193 462 291 539 quoad
307 462 425 519 modum
440 461 620 538 accipiendi:
643 480 745 518 verum
761 459 790 516 hi
805 460 864 517 dno
874 460 955 518 modi
965 459 1016 519 ab·

45 535 163 598 soluts
177 541 280 598 reduci
296 550 420 618 possunt
440 539 478 598 ad
498 540 675 617 parvitatem
694 539 844 597 materia:
885 541 933 597 uia
946 539 1016 599 licet

47 619 195 676 materia
209 621 248 677 sit
262 620 290 676 in
313 639 346 677 se
361 618 470 697 gravis,
484 618 631 678 inordina
645 630 743 676 tumen
760 617 846 694 hujus
859 638 878 675 a
897 619 1017 678 lationis

48 706 166 775 potest
181 699 240 756 dici
254 698 337 756 levis.
1019 718 1023 723 '

99 774 235 835 Furtum
250 779 292 835 rei
307 778 382 837 levis
395 787 495 855 potest
516 777 580 836 fieri
601 776 726 835 mortale
746 775 836 834 variis
857 776 962 848 modis,
982 787 1016 836 ut

25 918 30 931 ,
61 866 173 932 postea
187 857 312 916 dicetur.

26 940 30 971 ³
103 935 182 1008 Quas
193 938 342 1014 quantitas
350 935 520 1014 requiritur,
529 946 563 994 ut
573 935 686 994 furtum
696 935 735 994 sit
746 934 870 993 mortale
881 945 1016 1014 exparte

10 978 37 1109 q
66 1033 124 1072 suae
141 1016 298 1074 materiae?

31 1114 36 1125 ·
106 1092 166 1152 ΙΙΙ.
190 1095 228 1154 lt.
258 1095 386 1168 Quidam
409 1093 562 1153 Authores
591 1094 790 1153 determinant
819 1094 1015 1170 quantitatem

68 1175 233 1250 respective
254 1175 290 1232 ad
313 1194 463 1251 personas,
484 1174 590 1252 quibus
611 1175 748 1233 damnum
770 1173 906 1242 infertur,
928 1174 969 1232 ita
982 1185 1017 1232 ut

71 1252 193 1311 materia
206 1253 340 1311 mortalis
355 1272 419 1312 esse
433 1254 536 1330 possit,
556 1254 579 1311 si
595 1254 746 1312 auferatur
760 1254 778 1311 ὲ
792 1272 929 1330 paupere,
952 1273 1017 1331 quae

18 1394 26 1409 .
70 1331 201 1390 mortalis
212 1353 270 1390 nou
282 1333 361 1390 foret
370 1332 394 1390 si
406 1333 573 1391 auferretur
584 1335 602 1392 ὲ
616 1333 725 1391 divite:
745 1332 848 1391 verdm
861 1332 915 1390 hoc
927 1331 1016 1392 hodie

32 1414 35 1419 '
72 1409 187 1469 ridetur
199 1413 395 1489 antiquatum,
409 1418 435 1470 δι
448 1413 643 1475 communiter
657 1432 734 1469 uuric
748 1413 889 1469 statuitur
900 1412 1016 1491 quanti·

74 1500 111 1547 tas
122 1490 271 1559 absoluta,
286 1511 344 1550 non
360 1492 544 1568 respiciendo
558 1512 594 1550 an
611 1512 745 1568 persona,
767 1492 856 1571 aqua
869 1492 1013 1562 aufertur,

76 1570 223 1638 audires,
248 1590 284 1628 an
310 1589 438 1648 pauper;
458 1571 534 1628 ratio
556 1582 611 1640 est,
634 1572 711 1648 quod
727 1569 809 1628 dives
829 1590 885 1627 iton
908 1569 1016 1629 lrabeat

75 1649 163 1706 minus
183 1649 236 1726 jus
259 1650 287 1706 in
313 1669 361 1707 res
383 1669 460 1717 suas,
485 1652 572 1725 quarn
596 1651 763 1727 pauperior,
790 1648 924 1724 adeoque
944 1648 1016 1706 dum

77 1726 189 1804 equalis
204 1729 354 1805 utrimque
373 1729 522 1804 quantitas
542 1731 686 1795 aufertur,
711 1738 833 1785 (ratenus
846 1747 904 1785 non
918 1726 1017 1786 minsis

16 1815 27 1829 ·
75 1803 195 1866 infertur
209 1806 319 1884 injuria
333 1807 444 1873 ditiori,
460 1826 547 1882 quam
560 1806 737 1884 pauperiori.

16 1918 31 1927 -
102 1885 181 1944 (lum
196 1885 244 1944 his
258 1886 401 1954 consistit,
417 1886 496 1963 qudd
512 1886 701 1964 poenitencia
717 1884 902 1943 confessione
916 1885 1022 1964 expri··

10 1942 44 2009 αἶ
74 1982 147 2025 nere
170 1964 290 2034 debeat,
314 1985 350 2023 au
365 1985 382 2022 a
396 1984 535 2043 paupere,
558 1984 594 2023 an
614 1965 738 2023 adivite
759 1984 820 2021 rem
843 1963 1017 2024 abstulerit:

73 2043 114 2102 ted
128 2044 190 2103 hoc
205 2065 263 2102 non
278 2056 324 2102 est
342 2045 457 2102 ratione
475 2045 558 2114 furti,
581 2044 632 2102 sed
655 2056 777 2122 propter
791 2043 977 2103 incommodo
990 2050 1016 2104 ἃ

10 2185 19 2193 ,
48 2168 50 2175 .
71 2124 213 2204 sequelae,
235 2144 300 2201 quae
315 2145 352 2182 ex
366 2126 447 2182 iurto
462 2124 490 2180 in
507 2143 666 2201 pauperem
688 2123 844 2181 commisso
866 2123 1016 2200 profluere

10 2214 14 2221 '
70 2203 173 2273 solent,
203 2214 237 2260 ut
261 2202 373 2260 lucrum
403 2223 527 2272 cessans,
555 2203 693 2261 damnum
718 2222 883 2279 emergens,
907 2203 1014 2275 inedia,

15 2321 21 2331 ·
67 2282 162 2352 dolor,
177 2289 231 2342 &c
242 2302 344 2342 verum
361 2283 421 2341 haec
436 2285 535 2340 omnia
548 2283 628 2341 furto
643 2282 802 2339 intrinseca
815 2293 892 2340 suut.

32 2402 34 2410 ι
100 2360 136 2421 si
160 2363 252 2430 dicas,
275 2363 352 2440 qudd
368 2362 451 2419 dives
466 2382 523 2418 uon
539 2363 578 2420 sit
592 2363 634 2419 itu
648 2362 756 2418 invitus
775 2361 871 2438 quoad
892 2362 1016 2433 furtum,

64 2461 91 2498 v.
100 2461 132 2519 g.
145 2444 186 2499 24
198 2443 320 2500 assium:
342 2461 419 2518 resp.
430 2442 507 2521 quod
520 2453 714 2519 praesumatur
725 2441 834 2497 invitus
849 2442 1017 2517 proportio·

16 2577 24 2591 .
63 2522 157 2579 uatim
181 2522 220 2579 ad
241 2521 411 2579 materiam:
433 2520 512 2597 quod
534 2521 558 2578 si
580 2533 696 2579 constet
710 2521 862 2578 dominum
879 2539 937 2576 aon
952 2538 1017 2579 esse

10 2604 25 2665 ,ζ
63 2600 193 2659 multum
205 2600 340 2666 invitum,
356 2612 426 2658 tunc
440 2600 558 2677 quidem
574 2601 659 2657 lieret
670 2599 792 2667 veniale,
808 2609 841 2655 ut
855 2618 944 2674 supra
954 2597 1014 2657 dic-

63 2688 128 2737 tnm
137 2690 195 2749 est,
205 2680 256 2738 sed
268 2679 501 2757 independenter
509 2700 544 2736 an
555 2680 690 2737 dominus
699 2679 738 2736 sit
747 2679 829 2734 dives
839 2677 885 2734 vel
895 2697 1016 2755 pauper.

10 2795 17 2822 J
102 2759 252 2832 Quasnam
267 2760 415 2835 quantitas
426 2759 545 2826 videtur
555 2758 688 2817 absolute
700 2758 845 2816 sufficiens
856 2757 893 2815 ed
903 2756 1015 2815 furtum

10 2828 17 2851 ³
65 2839 195 2896 mortale
210 2859 248 2897 ex
263 2849 348 2915 parte
363 2840 516 2898 materias?

10 2919 12 2931 '
104 2917 144 2976 R.
179 2917 371 2976 communior
391 2924 416 2975 δι
437 2917 619 2995 plausibilior
640 2916 788 2975 sententia
808 2914 906 2983 lrabet,
933 2914 1016 2992 qudd

67 2997 194 3054 sufficiat
208 3016 321 3054 merces
336 3017 387 3054 seu
403 2997 582 3074 stipendium
598 2998 734 3055 diurnum
747 2996 802 3053 viri
818 2996 1016 3054 honostdarte

67 3074 240 3144 laborantis,
256 3077 342 3133 idest
357 3088 417 3134 tres
431 3088 483 3133 aut
497 3090 624 3154 quatuor
638 3077 724 3134 solidi
740 3096 793 3154 pro
809 3075 864 3132 ltoc
881 3085 1016 3152 tempore

70 3159 164 3233 &pro
181 3155 235 3212 hac
250 3157 361 3231 patria:
382 3156 451 3234 quia
465 3156 541 3214 siout
554 3156 637 3214 labor
652 3156 774 3213 diurnus
788 3155 864 3212 solet
878 3153 1016 3212 aestimari

69 3235 180 3311 gravis,
195 3235 238 3291 ita
253 3237 278 3291 8:
293 3237 472 3313 stipendium
486 3236 728 3313 correspondens.

107 3313 164 3373 1v.
185 3314 323 3372 Dicitur:
344 3325 362 3352 ‘⁶
372 3328 432 3372 tres
446 3326 636 3392 autquatuor
646 3315 732 3372 solidi
742 3314 765 3381 ;'’
786 3311 1015 3391 quiaquautitas

70 3390 116 3450 illa
129 3412 190 3450 uon
207 3405 307 3470 potest
322 3393 442 3471 physice
456 3394 503 3452 vel
518 3394 724 3452 mathematice
743 3391 942 3459 determinari,
963 3389 1017 3449 sod

71 3472 223 3529 moraliter
235 3483 364 3531 tantum:
386 3476 412 3530 8:
421 3475 555 3532 fortassis
566 3473 633 3531 ideo
641 3472 723 3540 latet,
735 3473 776 3529 ait
788 3473 817 3529 S.
829 3469 1016 3545 Augustinus

10 3558 12 3568 '
72 3548 116 3607 lib.
127 3553 177 3608 21.
192 3551 230 3608 de
246 3551 310 3609 civ.
323 3553 380 3610 Dei
396 3553 522 3629 capuit.
537 3572 628 3629 agens
642 3552 679 3610 de
693 3548 821 3629 peccatis
835 3547 1014 3607 venialibus:

74 3638 88 3665 “
93 3629 123 3688 N
124 3650 142 3690 c
151 3630 284 3689 studium
294 3632 468 3710 proficiendi
477 3632 516 3691 ad
527 3633 625 3692 omnia
632 3642 753 3710 peccata
763 3628 894 3687 cavenda
902 3627 1016 3705 pigres-
