2160 4034
350 171 394 215 nu
414 171 495 215 suus
514 171 558 214 ur
576 166 731 217 susurru.
958 157 1017 217 tet

59 273 251 335 securitatem
261 275 300 335 ed
311 277 450 339 damnum
459 279 645 339 inferendum
653 279 772 338 relnon
782 276 1020 339 restituendumz

59 353 159 429 pmice
182 356 387 428 “receleurs,”
415 370 568 427 vocantur,
589 368 718 438 suntque
741 361 823 417 omni
845 358 913 419 fure
935 357 1019 422 dote·

73 431 168 495 ioresr
189 437 282 496 etiam
294 437 389 515 magis
403 438 500 499 solent
513 438 647 510 influere,
669 458 757 516 quam
773 439 847 516 'ipse
868 437 1014 499 mundans

69 522 112 571 cut
125 513 293 574 cousulens.

57 592 63 658 l
99 593 258 667 Quomodo
272 605 431 673 prestatur
444 616 580 658 recursus
594 595 835 674 receptationis?

96 671 135 732 11.
159 673 199 733 R.
222 674 324 752 Ipsum
339 675 560 739 malefactorem
581 686 634 737 aut
648 677 713 753 ejus
728 676 938 746 instrumenta,
966 677 1016 737 vel

49 806 51 811 ,
124 751 210 813 furto
233 754 345 815 ablutas
371 755 554 832 recipiendo,
585 755 771 827 occultando,
794 755 869 815 item
895 754 1016 816 easdem

99 830 188 902 endo,
211 833 421 904 distrahendo,
447 836 499 893 &a

49 936 53 941 ·
92 910 183 971 Tales
196 923 269 973 suut
281 933 438 990 caupones,
462 914 514 991 qui
528 913 749 973 lilios-familias
763 912 910 983 alliciunt,
924 932 1015 991 pecu·

67 988 115 1048 rias
128 1000 184 1048 aut
198 991 272 1051 alias
286 1013 334 1051 res
347 1013 365 1051 a
378 994 552 1070 parentibus
566 993 679 1053 ablatas
695 993 857 1064 occultant,
882 1002 914 1054 et
938 1012 1018 1071 saepe

65 1066 107 1127 iti
121 1068 279 1131 vindicant
293 1072 322 1130 in
343 1074 472 1151 pretium
490 1074 757 1151 compotationum.
800 1072 879 1133 ltem
904 1082 1020 1131 vetera·

62 1150 206 1221 messii,
227 1150 277 1231 qui
291 1152 460 1229 promiscue
479 1153 579 1213 omnia
593 1151 631 1211 ad
646 1152 728 1231 ipsos
739 1151 840 1211 delata
855 1149 906 1210 vili
919 1150 1018 1229 pretio

59 1229 209 1300 udmunt,
232 1231 282 1289 vel
305 1251 344 1291 ex
366 1231 423 1291 boc
444 1231 508 1291 solo
523 1232 662 1302 convicti,
691 1231 771 1311 quod
791 1230 878 1289 facile
892 1250 941 1291 res
954 1230 1020 1289 illas

49 1307 204 1384 'suspicari
223 1311 378 1388 potuerint
391 1330 456 1371 esse
467 1311 604 1371 furtivas.

89 1385 258 1461 Quomodo
272 1400 430 1468 praestatur
444 1410 581 1453 recursus
596 1389 817 1468 protectionis?

63 1510 67 1517 .
92 1465 160 1527 Ill.
181 1468 221 1529 R.
242 1469 393 1547 Explicite
418 1470 467 1529 vel
487 1470 630 1549 implicite
652 1469 807 1530 offerendo
831 1468 1018 1529 malefactori

51 1564 163 1605 munus
177 1567 198 1607 a
209 1568 308 1619 manu,
323 1569 351 1608 v.
365 1569 395 1627 g.
409 1549 440 1609 ri
455 1549 656 1619 defendend03
670 1547 765 1612 veleb
780 1547 933 1627 obsequio,
947 1568 976 1606 v.
989 1567 1020 1625 g.

56 1625 84 1683 oi
96 1625 281 1697 serviend03
301 1627 350 1689 vel
364 1628 504 1707 elingua,
530 1649 558 1688 v.
571 1649 601 1707 g.
622 1628 722 1687 verbis
743 1626 941 1699 defendendo,
962 1627 1020 1687 fal·

57 1722 124 1767 tum
136 1707 346 1769 testimonium
361 1726 418 1786 pro
434 1728 471 1767 eo
486 1708 622 1779 dicendo,
649 1714 701 1767 &e

94 1782 191 1845 Tales
213 1798 284 1847 suut
307 1782 491 1847 Belli-duces
511 1799 563 1847 aut
577 1789 747 1865 Magnetes,
768 1787 819 1866 qui
833 1786 944 1847 milites
964 1794 1017 1845 aut

59 1861 208 1935 subditos,
229 1866 310 1925 furta
329 1877 382 1927 aut
404 1869 523 1945 rapinas
537 1877 712 1926 exercentes
735 1867 841 1926 fovent
862 1884 897 1925 ac
917 1874 1019 1942 prote·

61 1952 152 2020 gunt:
175 1943 252 2003 item
268 1947 431 2023 Principes,
453 1948 506 2024 qui
528 1945 666 2004 officiales
686 1947 771 2023 justo
785 1945 899 2022 majora
913 1944 1020 2003 salario

62 2040 94 2083 tc
103 2021 241 2083 indebita
251 2025 399 2103 stipendia
409 2034 623 2107 extorquentes
633 2026 807 2085 defendunt.
820 2082 824 2091 ,
838 2022 1021 2102 Exemplum

65 2098 191 2165 habetur
204 2105 228 2165 J
231 2103 348 2163 udicom
362 2124 425 2183 cap.
446 2107 494 2163 20.
519 2103 569 2163 ubi
584 2103 762 2182 Benjemitae
783 2102 1020 2182 pertinacissime

66 2180 177 2243 trimen
192 2184 383 2243 commissum
397 2183 572 2243 defendunt.

99 2260 256 2334 Quaeritur
268 2265 313 2319 10.
335 2262 385 2320 An
401 2274 544 2343 tanquam
558 2273 713 2340 receptans
727 2271 877 2331 teneatur,
898 2261 949 2340 qui
963 2260 1020 2319 sci-

65 2348 141 2399 enter
163 2341 274 2418 recipit
298 2341 429 2420 bospitio
443 2342 676 2413 malefactorem,
698 2362 726 2401 v.
740 2361 769 2419 g.
789 2342 896 2411 furem,
921 2339 963 2398 nil
978 2339 1016 2398 de

71 2418 147 2478 furto
162 2421 396 2498 participando?

95 2498 155 2560 lv.
176 2500 217 2561 R.
253 2501 315 2575 Qui
328 2501 424 2560 furem
446 2500 665 2571 “formaliter,”
686 2520 739 2562 sou
758 2510 906 2579 quatenus
921 2497 1015 2556 talem

66 2577 174 2656 recipit,
197 2578 345 2639 obnoxius
367 2591 414 2639 est
426 2581 620 2649 restitutioni,
641 2579 712 2639 dum
726 2580 839 2641 scilicet
853 2597 892 2636 ex
915 2595 1016 2654 recep·

66 2656 139 2717 tione
164 2658 195 2717 ei
219 2658 368 2736 probetur
391 2661 544 2728 securitas,
567 2660 676 2718 fiducia
699 2669 751 2718 aut
765 2677 836 2717 ansa
849 2656 887 2716 ad
901 2655 1017 2715 damni·

66 2734 220 2799 iicaudum
234 2738 279 2797 vel
294 2758 353 2798 non
369 2739 604 2799 restituendum:
633 2740 683 2819 qui
707 2758 779 2797 vero
799 2735 910 2814 recipit
920 2737 1020 2794 furem

66 2823 76 2851 “
88 2817 315 2887 materialiter,'’
337 2837 388 2875 seu
404 2839 461 2877 non
477 2819 732 2897 quatenustalem,
747 2817 786 2876 ad
797 2816 1021 2875 restitutionem

64 2905 184 2955 uterus
199 2916 260 2956 non
274 2907 402 2967 tenetur,
424 2899 535 2956 nisiex
557 2898 653 2955 officio
667 2909 719 2955 aut
733 2896 820 2956 aliter
841 2915 880 2953 ex
899 2893 1020 2972 justitie

63 2971 239 3034 denuntiare
253 2988 304 3036 aut
317 2977 541 3055 apprehendere
555 2977 687 3047 deberet,
709 2996 769 3054 quo
781 2994 851 3034 casu
865 2972 1018 3032 tenebitur

64 3061 95 3113 ut
115 3062 135 3092 “
146 3056 268 3114 mutus''
290 3056 337 3115 vel
358 3065 377 3094 “
389 3076 448 3114 uon
463 3055 612 3117 obstans.”

97 3132 138 3193 V.
159 3135 320 3212 Recipitor
333 3136 382 3194 fur
396 3135 591 3194 materialiter
606 3133 732 3205 tentum,
760 3133 785 3193 si
799 3132 931 3211 bospitio
945 3131 1020 3191 reci·

61 3210 161 3288 pietur
176 3223 211 3271 nt
224 3215 299 3273 alius
314 3214 432 3291 hospes,
447 3215 552 3284 viator,
568 3215 689 3283 amicus,
704 3224 755 3273 aut
770 3211 1020 3289 cousenrguinenr,

62 3291 102 3349 sic
115 3302 219 3353 tamen
233 3304 267 3351 ut
285 3292 316 3352 id
330 3293 383 3352 liat
396 3294 460 3354 sine
474 3295 535 3353 ullo
550 3304 688 3371 respectu
698 3292 746 3351 vel
762 3291 971 3368 cooperatione
982 3287 1022 3345 ad

61 3370 237 3431 maleficium
262 3374 448 3450 preteritum
471 3373 519 3432 vel
542 3373 685 3441 futurum,
707 3382 782 3449 puta
805 3367 966 3448 prebendo
990 3366 1020 3425 ei

65 3469 166 3510 ausam
181 3451 373 3511 consumendi
388 3462 441 3513 aut
454 3452 639 3512 distrahendi
653 3451 760 3511 ablata.

100 3530 185 3604 Quid
200 3530 239 3590 de
253 3531 314 3602 illo,
336 3532 387 3610 qui
402 3532 531 3591 occultat
545 3532 653 3603 furem,
676 3531 778 3591 duma
794 3525 936 3587 ministris
956 3523 1022 3604 jus·
1044 3572 1051 3629 J

66 3607 139 3668 titiae
154 3612 326 3692 queritur?

102 3688 162 3749 vl.
176 3690 216 3751 lt
238 3691 271 3751 si
285 3691 334 3751 fur
348 3700 498 3770 queretur
511 3690 549 3751 sd
562 3689 655 3750 solam
666 3687 869 3766 captivitatem
877 3683 927 3742 rel
934 3678 1015 3821 puni·

61 3767 185 3842 tionem,
194 3770 259 3833 sine
269 3781 409 3849 respectu
423 3780 455 3831 et
464 3790 517 3851 spe
530 3768 694 3849 recipiendi
704 3786 749 3830 es.
770 3783 836 3830 (tuoe
847 3762 934 3825 abste
946 3766 1015 3827 erni
