2160 4034
281 166 326 225 ns
346 180 585 225 conrnscrmns
603 181 640 234 ru
660 181 781 225 senem.
946 164 1005 224 858

55 280 136 359 qnod
149 301 210 343 non
224 283 329 344 existit
337 293 390 345 aut
400 303 462 343 non
475 293 522 343 est
535 304 636 345 suum:
657 287 742 365 atqui
752 284 904 345 neuterius
914 306 1007 346 uuum

58 378 94 443 ex
119 361 169 422 hie
189 362 277 422 facit:
298 364 369 442 quia
389 364 438 422 vel
455 362 691 441 accipitrluerum
710 364 878 424 usurarium
895 385 951 442 pro
971 386 1006 426 re

52 450 196 501 mutuate
209 461 238 500 v.
251 462 281 521 g.
293 443 435 521 peennie3
454 452 486 500 et
499 451 570 501 tunc
584 444 686 503 vendit
700 442 744 502 bis
759 445 856 503 idem:
877 445 947 524 quia
959 463 1007 504 re-

62 518 85 579 ci
109 519 138 580 it
150 540 208 601 pro
222 522 326 581 eadem
336 522 461 600 pecnnia
473 532 585 582 sortem
599 525 801 582 &auctarium
815 523 890 601 ejus.

122 600 153 661 el
167 600 276 679 accipit
287 599 401 661 lucrum
415 620 469 679 pro
482 621 538 659 usu
547 602 592 660 rei
602 613 753 673 mutuatae,
767 613 798 661 et
812 614 883 662 tunc
892 603 1006 674 vendit,

51 678 139 757 qnod
152 699 213 739 nou
228 680 339 751 existit,
361 679 409 739 vel
423 680 503 759 quod
517 700 601 741 snum
624 702 685 740 non
707 693 769 751 est;
789 682 901 753 vendit,
926 683 1007 761 quod

50 776 117 823 nnn
133 759 248 836 existit,
262 760 332 838 qnia
345 760 375 817 iu
389 778 423 818 re
437 779 491 818 usu
509 759 738 839 consumptibili,
762 763 826 838 ipse
838 782 912 821 usur
923 760 1009 821 abso·

49 836 139 899 lntns
153 840 182 898 dr
195 837 397 919 independens
410 859 469 899 non
483 839 677 919 distinguitur
690 840 726 898 ab
741 842 805 918 ipsa
818 861 861 911 re,
882 840 939 899 hoc
951 850 1007 912 est,

49 935 116 975 non
132 917 307 988 estimatur,
320 936 375 977 nee
388 929 595 997 compensatur
609 921 760 979 seorsimsi
773 940 805 980 re
819 921 900 999 ipsa:
921 919 969 980 vel
983 920 1009 979 si

49 995 204 1075 distingui
216 997 320 1074 possit,
340 997 443 1056 vendit
456 998 537 1076 quod
551 1019 609 1057 non
632 1008 678 1057 est
698 1019 800 1058 sunm:
822 1000 892 1079 quia
905 998 1010 1059 vendit

49 1094 144 1143 nsum
158 1077 203 1135 rei
224 1096 283 1147 nou
298 1096 368 1149 sna,
390 1085 495 1154 utpote
513 1076 597 1155 cnjus
620 1077 783 1137 dominium
807 1079 837 1138 in
861 1089 1008 1138 mutuata·

50 1155 136 1213 rium
151 1154 312 1215 transtulit.

95 1234 160 1295 Ill.
182 1234 281 1295 Usura
300 1235 392 1295 etiem
412 1232 564 1312 prohibita
586 1246 632 1296 est
653 1236 724 1314 jure
751 1235 880 1314 positivo
895 1236 1007 1308 divino,

53 1314 241 1379 tam-veteri
263 1314 352 1393 quim
374 1334 469 1384 uovo;
490 1314 599 1373 Psalm.
622 1317 700 1375 enim
727 1319 772 1375 14.
794 1336 822 1374 v.
848 1319 873 1374 l.
898 1316 1008 1398 querit

55 1392 229 1472 Propheta:
248 1393 381 1461 Dotatae,
394 1395 459 1471 que
470 1392 608 1453 dubitabit
628 1397 659 1454 in
681 1395 955 1457 Toberuuculotuo?
975 1404 1007 1454 et

56 1473 224 1550 respondet
236 1491 265 1532 v.
303 1475 332 1531 5.
357 1474 416 1546 Qui
422 1475 575 1551 pecuniam
583 1494 663 1533 suum
672 1494 729 1533 non
741 1477 871 1534 dedituri
881 1494 1008 1535 murum.

57 1551 104 1611 Er
126 1552 218 1611 Lucae
242 1570 305 1631 cap.
327 1556 355 1611 6.
378 1571 407 1610 v.
430 1555 478 1611 35.
502 1552 574 1611 dicit
598 1553 752 1612 Christus:
773 1553 910 1613 Mutuum
935 1555 1009 1624 dcte,

58 1630 137 1691 nihil
144 1633 211 1691 inde
220 1642 381 1709 opacant:
392 1630 472 1690 unde
487 1631 577 1691 Cone.
591 1632 730 1692 Lateren.
746 1632 805 1692 111.
818 1633 1008 1711 pronuntiat:

63 1710 191 1770 Usssrnm
203 1713 349 1789 aeriasque
361 1712 514 1770 testamenti
520 1713 634 1788 popina
646 1714 803 1770 detestatur.

98 1789 158 1859 IV·
178 1790 277 1851 Usum
285 1790 441 1851 manifeste
451 1789 627 1867 prohibetur
632 1790 702 1868 jure
714 1791 873 1863 canonico,
884 1800 918 1849 nt
925 1798 1010 1869 petet

57 1887 97 1929 ex
110 1867 179 1929 loeo
200 1870 301 1929 statim
313 1870 422 1931 citato:
443 1870 515 1929 item
530 1869 781 1930 clementinorum
805 1869 857 1929 lib.
870 1871 899 1928 5.
919 1871 966 1928 tit.
979 1873 1008 1928 5.

58 1966 123 2026 cap.
143 1948 231 2019 nnico
254 1948 382 2009 dicitnr:
403 1957 421 1987 “
434 1948 466 2009 si
485 1948 552 2030 quis
572 1950 602 2008 in
616 1949 700 2009 illum
714 1969 847 2009 errorem
860 1949 1008 2018 inciderit,

58 2036 91 2086 nt
105 2027 327 2106 “pertinaciter
340 2029 485 2087 affirmare
495 2039 662 2105 presumat,
677 2048 818 2089 exercere
830 2048 936 2089 usuras
948 2047 1010 2087 nou

59 2116 77 2147 ‘⁴
91 2124 159 2167 esse
172 2118 335 2185 peecatum,
358 2107 543 2169 decernimus
557 2128 624 2169 enm
647 2108 740 2168 veluti
758 2109 930 2169 hereticum
944 2126 1010 2191 esse

59 2194 77 2225 “
112 2186 301 2247 uniendum?

90 2205 140 2327 ς’.
161 2264 274 2325 Uerrius
288 2265 377 2325 etiam
401 2265 565 2344 prohibitas
578 2266 670 2325 fuisse
687 2266 757 2343 jure
776 2265 866 2337 civili,
891 2265 1009 2326 videtur

60 2363 99 2413 ex
110 2362 150 2404 eo
164 2344 274 2423 colligi,
296 2344 376 2426 qnid
391 2346 540 2407 usurarios
562 2344 700 2404 habuerit
713 2356 853 2422 tanquam
874 2344 1009 2404 infames.

59 2423 169 2485 Edicta
182 2423 306 2502 Belgica
319 2424 408 2483 ctiam
424 2444 520 2485 usurae
530 2425 634 2483 vitium
649 2424 817 2501 prohibent,
831 2434 865 2483 ut
878 2423 1009 2482 edictum

62 2505 99 2571 10
113 2502 230 2580 Aprilis
247 2506 331 2575 1516,
352 2506 371 2561 3
384 2504 507 2565 ianuar.
524 2506 608 2575 1545,
629 2506 648 2562 8
661 2502 738 2561 Maii
753 2505 839 2562 1606.

101 2581 174 2660 obj.
189 2582 214 2643 1.
235 2583 321 2653 nicet
334 2581 447 2677 aliquid
460 2583 583 2662 exigere
594 2602 652 2662 pro
664 2601 721 2641 neu
733 2581 849 2653 domis,
870 2581 945 2660 agri,
957 2586 1009 2640 dre.

60 2671 309 2821 ewffieltlilgaridit
321 2672 660 2824 ugnpgplplufflppppim
681 2749 728 2799 est
754 2738 833 2817 qndd
853 2738 890 2831 ‘in
915 2738 1009 2818 priori

51 2840 129 2889 ‚cern
142 2840 201 2881 non
215 2820 394 2891 transientes
407 2821 581 2893 dominium,
603 2820 691 2880 sicuti
706 2821 736 2878 in
749 2819 909 2897 posterrori
922 2838 1009 2878 casu:

60 2899 140 2967 nude
162 2909 314 2960 mntnator
336 2920 395 2959 non
419 2911 519 2978 potest
541 2898 654 2979 aliquid
677 2898 799 2976 exigere
820 2917 876 2976 pro
896 2899 1010 2961 usntei

58 2988 212 3049 mutuate,
234 2979 304 3058 quia
316 2998 388 3039 nens
400 2979 445 3038 rei
458 2980 589 3057 pertinet
599 2982 637 3037 ad
651 2997 728 3048 eum,
741 2975 825 3055 cujus
840 2986 886 3036 est
899 2998 957 3037 res.

97 3058 167 3117 Nec
188 3058 312 3128 dicatur,
338 3067 538 3119 mutuatorem
560 3057 649 3116 etiam
673 3075 760 3135 posse
783 3076 936 3116 reservare
958 3056 1011 3116 do·

58 3137 184 3197 minium
204 3138 250 3197 rei
269 3146 423 3208 mutuate,
443 3156 583 3197 concesso
607 3136 671 3195 solo
695 3137 760 3214 ejus
780 3155 853 3196 usu:
881 3145 1009 3213 negatur

57 3216 140 3275 enim
163 3216 196 3275 id
208 3217 273 3277 lieri
286 3236 393 3295 posse;
412 3218 443 3287 in
466 3218 555 3276 rebus
569 3216 646 3277 enim
671 3216 758 3275 unico
771 3227 841 3275 actu
853 3233 1010 3291 consump-

58 3292 194 3355 tibilibns
209 3316 278 3355 usus
291 3295 443 3355 absolutus
466 3306 498 3354 et
521 3295 732 3373 independens,
753 3296 848 3376 qualis
862 3295 891 3351 in
906 3304 1009 3366 mutuo

58 3375 243 3445 conceditur,
263 3395 323 3435 non
346 3376 540 3453 distinguitur
566 3376 585 3434 i
611 3375 752 3446 dominio,
765 3386 810 3447 xut
831 3373 943 3431 dictum
964 3382 1012 3432 est

60 3452 155 3513 Num.
168 3456 216 3513 34.
229 3456 263 3513 dc
275 3455 349 3514 Jure
361 3465 388 3513 et
398 3455 528 3515 Jmtitia.

102 3533 193 3607 Qndd
221 3535 245 3591 si
272 3534 352 3592 dicas
379 3553 465 3611 posse
492 3531 654 3592 concedere
680 3550 766 3591 nsum
793 3529 1016 3608 dependentem

61 3620 96 3749 ill
120 3611 328 3686 revocabilem,
354 3632 442 3694 quem
467 3612 534 3672 loeo
561 3613 652 3672 citato
678 3611 808 3670 diximus
835 3613 853 3669 a
879 3606 1043 3711 dominiep‘

97 3691 220 3770 stingui,
1032 3706 1036 3711 ·
