2160 4034
64 171 105 241 ‘td
460 182 647 227 ruscrnrus
670 128 672 130 V

59 294 235 371 inquantum
268 298 353 348 extat
375 289 414 349 de
439 289 538 366 pretio
564 289 619 360 nei,
653 298 705 350 aut
730 290 907 371 inquantum
931 293 1015 371 istam

62 370 263 432 consumendo
275 369 366 427 rebus
380 369 441 427 suis
452 370 630 446 pepercerit.
993 372 1015 451 ⁸,

101 452 134 511 si
148 470 221 526 ergo
235 448 313 510 buna
329 447 389 507 fide
410 447 566 508 domuerit
579 448 673 508 amico
696 447 737 507 nil
752 448 825 510 ulida
836 449 957 520 daturo,
972 456 1015 517 ιδ’

60 531 104 590 nii
114 540 249 589 tenetur:
272 528 296 586 si
306 529 417 586 amicus
428 513 1015 677 inscimisaiusdonialiudnedonaffi'

61 609 237 669 hoedorum
247 606 411 685 subjacebit
422 606 523 666 debito
533 607 744 667 restitutionis:
758 609 785 666 si
794 606 904 668 biberit
915 611 944 669 u'
969 612 972 618 ’

61 689 217 757 furtivum,
244 689 352 746 &uino
373 706 426 746 suo
441 698 493 745 aut
506 687 655 749 cererisiae
672 706 732 746 suae
743 689 923 766 pepercerit,
937 674 1015 833 tert

1 811 3 816 ,
62 768 143 827 bitur
153 769 327 845 inquantum
340 766 402 824 suis
413 765 556 844 pepercit.
815 819 818 823 .

100 847 195 922 Quid,
215 845 241 904 si
254 865 303 905 res
316 845 395 904 boui
409 845 467 904 fide
480 845 634 924 acquisitu,
644 843 707 923 jem
717 844 785 904 aliis
793 844 884 906 rebus
896 831 1015 977 sitpq

64 926 183 986 mixta?
943 973 945 980 .
990 958 995 975 ι

104 1005 164 1065 ΙΙΙ.
179 1005 217 1064 R.
233 1003 265 1064 Si
279 1004 410 1081 separari
420 1001 750 1083 porsitabuiiisrebus,
760 990 1015 1084 manet-obligatid

63 1085 152 1146 realis
166 1103 230 1143 eum
240 1084 427 1142 restituendi.
764 1132 768 1140 .

106 1164 138 1224 si
149 1164 191 1222 sic
202 1164 350 1240 permixta
360 1164 399 1222 sit
409 1163 586 1240 utaeparari
598 1180 658 1221 uon
669 1161 774 1241 possit,
785 1162 892 1244 ancipit
901 1164 950 1243 qu'

64 1243 131 1322 ejus
144 1242 306 1301 dominium
328 1251 411 1321 “per
424 1241 655 1311 confusionem,''
675 1242 700 1301 si
714 1261 762 1300 res
783 1241 847 1320 ejus
861 1243 901 1302 sit
914 1245 962 1322 pri
988 1248 992 1255 '

64 1321 386 1402 paieiuconflato;aed
396 1332 497 1381 munet
506 1314 650 1400 obligatio
660 1321 960 1399 personalisrestitue

70 1401 317 1481 quantumfectus
327 1412 374 1460 est
388 1402 489 1460 ditior.
940 1433 944 1451 ι
979 1438 998 1483 ,Ι

106 1483 240 1543 ,loannes
263 1479 342 1539 boni
361 1480 420 1540 fide
445 1482 463 1539 d
486 1480 553 1539 fure
569 1488 690 1538 emeret
709 1500 775 1539 rem
807 1481 994 1554 Siiorcnis„

38 1572 42 1576 ”
65 1560 170 1620 eisdem
184 1558 263 1618 bonis
271 1559 331 1619 fide
344 1559 479 1619 uendidit
493 1558 770 1620 Petroeiflorenisr
789 1560 828 1621 ud
850 1562 923 1640 quid
932 1574 990 1623 'teu

65 1641 284 1701 turdoannee?
996 1626 1015 1705 ··i

108 1720 164 1780 IV·
178 1719 217 1778 R.
232 1718 268 1777 111
278 1718 644 1794 primisteneturdoannes
653 1715 823 1777 rescindere
836 1724 1015 1799 ominum

70 1818 136 1857 cum
153 1798 255 1866 Petro,
269 1798 359 1855 etium
379 1796 532 1855 reddendo
546 1804 697 1871 acceptum
712 1798 841 1874 pretium
854 1817 911 1877 pro
924 1818 970 1871 re,
990 1794 1015 1871 d

67 1896 132 1937 rem
146 1875 273 1934 reddere
287 1874 407 1933 domino
420 1873 539 1934 retente
552 1874 668 1932 actione
692 1884 795 1934 contra
808 1877 925 1938 furem:
944 1879 1015 1941 tatii

67 1952 214 2032 estquod
228 1953 365 2012 venditor
377 1961 516 2012 teneatur
529 1962 694 2030 emptorem
708 1973 827 2015 servare
838 1957 1015 2021 indemueui

69 2037 92 2099 J
94 2053 203 2095 oannes
213 2042 314 2091 autem
327 2032 467 2091 venditor
479 2052 539 2091 non
554 2041 688 2091 servaret
709 2033 833 2094 Petrum
856 2048 1015 2116 emptoreu

68 2114 247 2183 indemnem,
268 2113 294 2171 si
307 2131 367 2171 uon
381 2111 558 2172 rescinderit
571 2112 716 2190 cumipse
730 2124 932 2188 contractum,
955 2116 1015 2196 quii

70 2195 180 2254 Petrus
207 2211 243 2252 eo
268 2192 332 2269 ipso
347 2211 406 2270 quo
421 2191 477 2250 scit
499 2201 564 2251 rem
587 2209 652 2250 esse
671 2191 806 2262 alienam,
826 2203 950 2255 tenetur
960 2184 1015 2259 eud

67 2273 229 2334 restituere
249 2270 389 2330 domino:
408 2272 581 2342 furantem
602 2271 653 2348 qui
670 2271 806 2331 uendidit
832 2275 956 2348 Jounni,
978 2279 1015 2341 ue

68 2372 129 2412 nou
143 2351 225 2412 volet
237 2349 396 2410 refundere
410 2351 549 2429 pretium,
569 2349 617 2410 rel
630 2369 690 2408 non
704 2351 761 2414 nisi
776 2353 952 2415 difficulter:
971 2358 1015 2419 soi

69 2433 179 2492 Petrus
190 2430 341 2489 molestias
351 2431 400 2489 vel
410 2440 544 2509 sumptus
550 2430 649 2489 subire
659 2430 822 2504 nondebet,
827 2444 1015 2514 utrecupcru

69 2530 156 2572 suum
169 2510 308 2589 pretium,
318 2529 385 2568 cum
399 2511 464 2588 ipre
477 2529 537 2570 uun
551 2508 689 2570 habuerit
698 2513 854 2589 negotium
867 2533 935 2576 eum
944 2506 1015 2593 fure

71 2591 123 2652 sed
138 2591 280 2651 Joannee.
901 2646 904 2652 .

110 2670 150 2731 V.
172 2669 205 2728 si
225 2678 324 2727 autem
349 2669 461 2748 Petrus·
478 2687 536 2726 non
561 2677 748 2748 compareat:
771 2672 816 2730 10.
836 2683 951 2733 certum
968 2682 1015 2751 em

71 2747 151 2829 qudd
174 2749 307 2827 Joannes
330 2746 438 2807 debeat
461 2746 581 2806 domino
600 2747 675 2809 duos
696 2750 833 2822 florenos,
868 2764 1015 2823 excessuri

72 2827 185 2888 scilicet
199 2828 299 2907 pretii,
320 2827 399 2907 quod
422 2827 483 2886 furi
506 2827 647 2900 dederat;
667 2831 737 2910 quia
759 2829 907 2889 intentum
931 2832 1015 2894 ditior

69 2909 170 2979 factus,
180 2916 227 2966 est
237 2927 276 2966 ex
289 2925 322 2965 re
336 2907 450 2976 aliena;
470 2909 517 2966 20.
532 2907 631 2967 verior
643 2914 669 2968 e
680 2909 862 2967 communior
875 2910 1015 2975 sententis

71 2998 127 3059 est,
138 3005 227 3065 quam
240 2996 405 3063 sequuntur
417 2985 545 3065 Sylvius,
556 2986 712 3058 Daelmnn,
724 2987 862 3060 Billuart,
873 2996 923 3049 &c
938 2986 1015 3070 qud'd

69 3067 204 3131 ,Ioannes
217 3065 596 3144 teneaturtotumpretium
606 3066 732 3126 reddere
743 3067 925 3140 domincum,
954 3068 1015 3149 quir

69 3146 106 3205 fit
118 3144 344 3205 communicatio
367 3145 447 3204 inter
459 3143 588 3224 pretium
603 3151 629 3204 δι
641 3165 715 3216 rem,
728 3165 787 3204 non
802 3147 880 3206 inter
892 3148 1015 3228 pretium

69 3225 131 3285 furi
152 3224 254 3284 datum
275 3229 302 3283 δι
322 3225 452 3302 pretium
465 3225 483 3283 d
498 3224 589 3283 Petro
611 3235 781 3305 acceptum:
802 3245 874 3305 ergo
888 3229 1015 3290 Joanner

72 3303 279 3384 quoad'totum
302 3303 432 3382 pretium
445 3303 505 3362 fori
519 3303 630 3376 datum,
652 3304 927 3365 indemnitationem
943 3328 1015 3390 quar«

71 3381 239 3477 ratiiure,
273 3383 325 3463 qni
348 3402 416 3441 eum
439 3382 566 3463 decepit,
587 3396 646 3444 non
660 3404 679 3444 u
692 3384 811 3445 domino
830 3387 884 3458 rei,
905 3406 961 3447 nec
983 3407 1015 3467 es

72 3482 195 3522 reare.

85 3482 287 3601 pNotandum
300 3550 409 3612 temen,
430 3540 510 3620 qudd
532 3542 558 3601 si
579 3560 716 3603 excessus
742 3543 825 3616 lucri,
847 3545 926 3623 quod
954 3545 1015 3606 feci

74 3620 217 3759 qunnes,
238 3628 317 3682 esset
328 3621 443 3682 lucrum
456 3640 546 3685 merae
568 3621 730 3699 industrie,
751 3633 822 3684 tnnc
834 3633 935 3704 posset
949 3625 1015 3686 illm

71 3700 101 3759 si
121 3699 284 3761 iretinere.
