2182 4036
73 172 130 234 112
457 180 644 224 rmorurvs
728 187 731 193 ·

68 311 129 353 uon
143 291 274 370 potietur
288 285 384 348 eimilo
398 286 619 356 detrimentum,
634 292 666 346 dt
679 285 798 345 debitor
807 285 910 364 poerit
933 313 937 336 .

68 371 230 433 restituere
244 369 308 428 eine
321 366 374 426 tuli
388 366 506 437 damno,
527 366 613 445 quale
623 362 654 424 iu
669 365 950 425 caudebereteub'
974 394 981 414 ιἸ

108 450 240 511 Nomine
248 446 420 508 detrimenti
429 446 478 504 blo
485 444 663 522 intelligitur
670 445 821 515 demun,
832 465 897 505 nou
928 472 931 495 ι
948 479 951 497 ·
967 472 988 492 o

67 529 199 591 inbonis
213 528 349 598 fortune,
370 524 524 585 sedetiam
534 525 564 583 in
577 523 769 596 naturalibus,
788 525 881 596 inne,
900 524 953 584 bo·

68 612 124 670 &c
731 645 736 655 ·

108 691 158 750 40.
181 686 214 748 si
226 684 359 764 ulioquin
379 682 499 744 debitor
519 681 643 743 deberet
663 682 803 742 excidere
814 685 835 742 ὲ
847 692 932 743 oute
980 747 984 752 ,

69 769 144 829 time
152 765 307 845 acquisito
341 762 907 844 Venlmhlcvoriaercquiruuturoond'

73 851 120 908 10.
142 847 186 906 Ut
200 844 332 904 creditor
354 862 414 903 uon
439 840 544 902 subeat
563 842 659 902 simile
685 841 873 920 periculumz
908 845 959 902 20.
986 857 990 889 2

70 935 210 1007 operetur
221 923 377 983 moraliter
389 922 541 981 restitutio
562 920 647 1001 brevi
658 921 795 981 faciendo
807 922 874 980 eine
887 922 941 982 tali
971 955 975 972 ,ι
992 963 994 966 >

69 1017 157 1066 ture:
188 1007 236 1063 30.
257 1004 302 1063 Ut
315 1001 434 1064 debitor
445 1001 498 1061 euri
508 1000 595 1080 culpi
605 1021 664 1060 non
674 1001 836 1080 conjecerit
849 1001 958 1062 seeeiu
993 1019 995 1072 2

92 1084 245 1146 oriculum.

69 1105 91 1167 P
112 1164 194 1225 Hinc
209 1163 301 1243 juxte
324 1160 459 1242 Sylvium
480 1180 540 1219 uon
559 1166 719 1218 excusetur
740 1159 801 1233 ille,
825 1162 880 1241 qui
898 1159 989 1220 ludir'

71 1243 269 1306 ebrietatibus
282 1242 312 1300 iu
327 1241 403 1299 hunc
416 1239 624 1299 ireceeeitutem
637 1240 737 1318 lapsus
745 1252 809 1311 est3
828 1261 886 1301 neo
898 1240 968 1312 illes
984 1297 992 1325 5

69 1324 170 1394 furtin,
191 1321 298 1391 neuris,
320 1319 417 1379 aliove
430 1318 521 1378 modo
536 1317 656 1397 injusto,
677 1329 786 1378 etatum
798 1341 887 1380 suum
929 1348 960 1372 w-

111 1403 168 1464 IV.
188 1404 237 1460 50.
257 1400 339 1459 Dum
359 1391 497 1457 domiuus
518 1397 699 1476 previdetur
717 1419 752 1458 re
765 1401 819 1460 sue
832 1399 919 1459 obus
952 1423 963 1448 ν

71 1481 127 1552 sui,
148 1481 196 1540 vel
210 1480 335 1539 eliorum
355 1477 517 1557 pernicicm
538 1478 733 1556 temporalem
756 1479 806 1537 vel
828 1479 946 1560 spiritu
972 1521 976 1528 ,

72 1561 153 1623 Vide
167 1559 259 1620 Num.
273 1560 320 1616 61.
748 1618 752 1624 ,

111 1640 223 1700 Arest
243 1637 389 1696 sufficiens
410 1654 497 1695 ceusu
517 1634 683 1709 differendi,
704 1637 731 1696 ei
742 1637 875 1698 creditor
886 1657 948 1699 uon
968 1670 978 1688 a
1000 1687 1002 1690 ,

69 1729 141 1782 ueut
155 1718 348 1780 debitorem?
980 1750 982 1757 ·
997 1764 1001 1771 .

113 1799 153 1860 R.
173 1797 342 1876 Negotivi:
363 1797 433 1875 quic
445 1804 569 1875 tempus·
583 1794 680 1874 ipsum
700 1805 752 1854 eut
770 1815 819 1856 res
839 1797 941 1858 restit·
956 1825 966 1848 ι.

73 1878 146 1938 rotie
159 1887 262 1936 monet
296 1895 330 1933 ro
344 1874 409 1954 ipso
424 1873 589 1933 creditore:
610 1874 717 1934 deinde
730 1876 810 1935 forte
824 1877 956 1938 creditor
972 1911 974 1927 ι

71 1955 200 2016 reflectit
214 1954 251 2015 od
266 1895 410 2024 debitum,
431 1963 482 2011 eut
496 1952 615 2031 ignorat
629 1953 679 2012 ubi
702 1953 820 2016 debitor
840 1958 890 2028 sit,
910 1968 943 2017 et
955 1954 993 2015 ld

71 2055 132 2094 non
146 2043 267 2094 monet:
287 2033 367 2091 forte
388 2041 468 2091 tacet
482 2050 520 2090 ex
534 2044 615 2092 metu
629 2033 828 2109 reverentieli‚
849 2046 904 2095 eut
914 2036 980 2095 tim

69 2115 195 2174 ulterius
208 2112 279 2172 miili
293 2111 342 2171 vel
355 2111 543 2171 incommodi.
1001 2138 1004 2143 ·

113 2195 163 2252 An
174 2192 233 2263 ille,
244 2191 295 2274 qui
304 2210 343 2251 ex
348 2191 431 2269 jueta
439 2210 527 2249 causa
536 2192 756 2253 restitutionem
766 2193 878 2265 differt,
886 2198 1014 2263 terrem

71 2274 110 2333 de
131 2272 214 2331 lucro
235 2281 369 2330 ceeeente
389 2269 436 2329 vel
459 2270 566 2331 domno
588 2282 769 2350 emergente,
790 2274 872 2351 quod
893 2264 1014 2361 creditod

71 2353 186 2411 interea
198 2350 335 2429 potitur?
926 2385 932 2401 ·
1002 2384 1006 2389 -

113 2432 152 2493 V·
167 2432 206 2491 R.
227 2430 319 2490 Certo
336 2450 394 2489 uon
409 2439 537 2499 tenetur,
553 2429 577 2488 ei
589 2450 677 2490 cause
687 2430 890 2492 diletionieeit
900 2441 1014 2512 propt!

70 2511 168 2589 ipsum
182 2509 371 2580 creditorem,
392 2529 421 2567 v.
434 2528 463 2587 g.
484 2527 522 2567 ne
535 2529 568 2568 re
581 2511 635 2568 suri
648 2509 796 2582 abutetur,
811 2517 862 2571 &c
873 2513 1014 2590 quieturi

71 2591 191 2651 debitor
204 2608 262 2650 non
276 2600 323 2650 eet
343 2608 439 2661 cauea,
461 2588 541 2665 qubd
554 2590 705 2649 restitutio
718 2610 778 2650 uon
802 2591 863 2664 fiet,
885 2591 939 2652 eod
957 2593 1013 2670 ipo

71 2670 210 2729 creditor.

112 2749 229 2807 Eodem
249 2748 339 2807 modo
358 2745 476 2807 debitor
489 2767 529 2807 ex
542 2756 696 2807 conuecto
716 2749 765 2807 vel
787 2768 827 2809 ex
846 2769 881 2810 re
902 2758 1014 2830 accepte

72 2827 262 2905 tautum,qui
275 2827 403 2886 nonfuit
416 2828 445 2886 in
460 2847 544 2886 more
557 2827 705 2906 culpabili,
719 2848 777 2887 non
792 2839 932 2900 tenetur3
952 2828 1013 2911 qub

71 2925 132 2966 nou
155 2905 215 2964 fuit
236 2906 348 2984 injusto
370 2925 459 2966 cauea
478 2907 577 2966 damni
598 2909 779 2986 emergentis
797 2920 851 2968 eut
869 2909 948 2969 lucri
958 2908 1014 2971 cetss

71 2984 174 3045 sontis.

113 3064 170 3125 VI.
191 3062 320 3123 Debitor
340 3083 379 3124 ex
403 3064 512 3124 delicto
536 3064 656 3125 videtur
676 3086 792 3147 semper
816 3069 931 3139 teneri;
951 3066 1012 3148 quie

71 3142 145 3201 illud
159 3144 273 3202 lucrum
282 3163 398 3202 cessone
412 3155 463 3203 eut
477 3144 614 3203 domuum
628 3164 785 3224 emergens
800 3148 869 3207 rere
883 3151 1011 3226 requitur

71 3228 112 3282 o'x
126 3222 234 3302 ibjurie
247 3222 338 3293 illato,
359 3223 522 3283 &eatenis
535 3223 735 3284 voluntarium
754 3237 808 3298 eet,
828 3225 901 3287 licet
911 3286 913 3291 ,
922 3228 970 3287 hic
986 3234 1012 3286 et

71 3321 150 3362 nuuc
171 3302 259 3362 detur
274 3301 357 3381 juste
377 3322 465 3363 cause
484 3323 542 3363 uon
564 3304 759 3374 restituendi;
793 3306 917 3367 effectus
934 3306 1013 3367 euim

70 3391 172 3460 potest
181 3382 245 3442 ee'ee
256 3381 441 3441 voluntarius
451 3392 587 3462 respectu
598 3383 759 3444 voluntatis
772 3387 942 3464 preteritae,
948 3387 1011 3447 licet

70 3480 132 3519 uon
146 3461 185 3521 eit
198 3460 382 3520 voluntarius
395 3472 531 3540 respectu
545 3462 706 3522 voluntatis
719 3466 885 3541 praeeeutis,
911 3478 945 3528 ut
957 3467 1011 3528 dio·

72 3549 136 3600 tum
151 3551 197 3602 est
209 3540 301 3602 Num.
315 3543 363 3601 28.
388 3549 406 3582 “
417 3540 454 3602 de
465 3540 592 3602 Actibur
607 3543 780 3604 Humanis.”
