2160 4034
371 180 415 222 na
436 180 681 223 roura-noriam.
938 166 999 230 Μ

49 297 190 351 onerose,
204 282 230 341 si
244 284 282 342 sit
293 285 449 362 promissio
463 286 565 345 stricte
579 285 667 354 dieta,
682 285 719 345 de
730 304 789 364 qua
801 285 865 344 sola
877 285 998 365 hle'agi·

49 374 109 417 tur.
154 362 233 420 Hine
247 366 336 423 etiam
350 364 381 423 in
394 365 460 424 foro
474 376 600 424 externo
611 365 688 443 parit
698 366 844 424 actionem
857 366 1000 445 exigendi

49 455 115 498 rem
129 449 269 580 tansppam
284 464 321 502 ex
337 444 530 521 promissione
545 443 684 502 debitam.

55 521 59 527 '
91 518 167 595 Obj.
214 523 349 580 remissio
370 523 510 582 definitur
532 523 705 600 “obligatio
726 522 905 593 fidei‚''&o.:
925 543 998 604 ergo

49 594 167 674 obligat
181 601 295 660 tantdm
309 623 347 660 ex
360 602 514 670 fidelitate,
536 622 594 661 non
608 623 645 660 ex
655 603 782 679 justitia.
845 657 862 688 Ι

90 677 131 736 R.
153 679 300 756 Negando
314 701 432 758 conseq.
452 682 529 740 ratio
543 692 598 751 est,
622 681 702 761 quod
715 681 842 740 fidelitas
856 682 895 740 sit
907 701 999 759 gena·

48 755 123 814 ralis
137 757 235 840 aliqua
248 761 351 830 virtus,
366 781 432 838 quae
446 762 523 818 inest
533 761 653 840 quidem
664 763 742 818 omni
757 763 930 832 contractui,
945 763 998 822 sed

49 854 110 894 nou
126 838 198 907 sola,
212 838 382 918 obligatque
396 839 555 899 seeundrlm
571 839 650 898 illam
661 840 811 908 virtutem,
822 839 999 919 ouiooojun·

49 914 145 990 gitur,
169 919 284 977 siverit
304 919 466 996 religionis,
494 920 570 977 utin
586 931 667 990 roto,
694 920 756 978 sive
765 919 900 997 justitias,
921 931 956 978 ut
968 921 998 979 in

49 997 256 1069 promissione,
283 998 408 1077 aliisque
434 998 642 1057 contractibus.
704 999 752 1058 sic
778 999 863 1057 Deus
889 999 998 1058 dieitur

50 1081 68 1110 ‘⁴
79 1072 203 1146 fidelis,''
216 1077 292 1157 dumz
300 1078 399 1136 reddit
420 1087 439 1116 “
449 1097 587 1136 eoronam
601 1079 623 1140 J
625 1077 733 1137 ustitia
747 1078 792 1135 2.”
812 1078 849 1138 ad
866 1078 997 1139 Timotb.

52 1172 115 1231 oap.
126 1159 155 1212 4.

90 1233 239 1293 Craterum
250 1237 381 1295 admittit
391 1235 534 1295 Daelman
544 1235 653 1313 aliique
661 1235 865 1306 communiter,
880 1247 997 1296 senten·

52 1311 124 1370 tiam
140 1312 284 1391 cajetani,
297 1315 368 1374 lieet
378 1317 407 1372 in
423 1335 454 1373 se
468 1314 554 1374 nimis
565 1314 743 1392 generalem,
754 1316 882 1392 praetiee
896 1326 996 1383 tamen

55 1409 242 1468 repereram
258 1414 331 1465 esse,
354 1415 391 1453 eo
413 1395 492 1471 quod
505 1396 683 1472 promittens
700 1394 817 1453 tantrlm
841 1405 997 1454 censeatur

54 1489 228 1548 proponere,
250 1473 298 1532 vel
321 1494 388 1533 sese
411 1483 525 1532 tantum
549 1473 625 1532 velle
650 1473 783 1551 obligare
805 1472 859 1532 sub
872 1473 941 1546 levi,
962 1486 996 1533 nt

56 1549 143 1608 Num.
164 1553 310 1629 superiori
324 1573 362 1610 ex
378 1553 546 1631 Steyaertio
561 1553 672 1612 dietum
686 1563 740 1611 est.

90 1630 124 1689 Si
136 1642 235 1690 autem
250 1635 411 1710 promissor
432 1632 522 1691 addat
536 1631 723 1710 promissioni
743 1631 955 1708 jurameutum,
970 1635 996 1690 si

55 1710 207 1785 promittat
218 1711 395 1788 stipulando,
410 1712 435 1771 si
444 1732 542 1771 eoram
554 1712 585 1770 N
586 1713 681 1771 otario
692 1716 717 1770 a
728 1711 862 1782 testibus,
876 1720 928 1771 aut
941 1710 996 1771 sub

55 1788 204 1865 signatura
215 1791 422 1868 chirographi,
434 1791 481 1850 vel
492 1791 570 1849 dieat
582 1813 590 1849 ι
604 1790 704 1868 obligo
719 1810 765 1848 me
777 1803 916 1868 quantum
928 1808 996 1868 pos·

54 1887 126 1935 sum,
147 1869 295 1929 similesve
317 1871 543 1929 circumstantia
567 1881 753 1937 ooueurraut,
780 1870 838 1928 erit
853 1868 996 1948 obligatio

49 1945 172 2023 justitiae
186 1948 345 2008 secundum
358 1968 389 2008 se
400 1950 509 2027 gravis,
525 1969 590 2027 qum
600 1951 690 2009 etiam
699 1949 805 2006 transit
815 1949 853 2007 ad
864 1948 996 2008 haerodes

50 2026 247 2102 promissoris,
261 2029 336 2086 siout
350 2029 386 2087 ab
401 2029 459 2087 alia
472 2028 612 2107 partejus
621 2029 795 2107 acquisitum
806 2027 995 2106 promissorio

50 2106 140 2164 etiam
156 2109 262 2166 transit
276 2107 313 2167 ad
327 2108 391 2185 ejus
403 2109 544 2166 haeredes.

89 2186 251 2258 Quomodo
266 2200 361 2246 cessat
375 2187 517 2266 obligatio
531 2187 759 2266 promissionis?

88 2265 146 2325 lv.
162 2266 199 2324 R.
216 2268 261 2323 1⁰.
278 2266 424 2325 Absolute
438 2277 532 2325 cessat
546 2267 702 2344 promissio
724 2285 777 2342 per
790 2265 911 2324 liberam
927 2282 996 2342 pro·

49 2343 177 2402 missorii
186 2346 390 2404 remissionem
402 2368 409 2405 τ
424 2349 472 2403 20.
487 2347 519 2405 Si
530 2366 578 2404 res
589 2344 995 2423 promissafiatimpossibilis,

48 2422 200 2492 damnosa,
215 2425 376 2483 illicitaaut
388 2425 509 2484 inutilis.
550 2428 597 2483 30.
620 2425 651 2503 Si
665 2425 705 2482 sit
715 2424 872 2501 promissio
882 2433 995 2493 mutua,

49 2505 74 2561 ds
89 2503 167 2562 alter
179 2503 267 2562 fidem
280 2524 337 2562 non
353 2514 468 2573 servet;
487 2505 637 2581 frangenti
651 2504 730 2561 enim
740 2501 839 2570 tidem,
849 2502 922 2561 fides
933 2521 995 2561 ser·

49 2585 113 2641 rari
127 2603 185 2641 non
201 2581 290 2641 debet
308 2582 399 2660 juxta
412 2583 544 2661 regulam
562 2586 610 2641 75.
624 2582 708 2644 ,luris
727 2584 757 2639 in
771 2585 799 2638 6.
819 2584 867 2639 4⁰.
889 2582 995 2641 Potest

49 2663 210 2740 promissor
223 2681 364 2721 revocare
378 2664 602 2739 promissionem
616 2662 653 2720 ob
675 2662 821 2738 insignem
831 2660 995 2737 ingratudi·

48 2761 114 2800 nem
131 2741 321 2818 promissarii,
342 2743 390 2800 vel
403 2741 441 2800 ob
455 2741 637 2800 immortales
657 2739 833 2799 iuimicitias.
866 2743 914 2798 50.
936 2738 995 2800 Ge·

49 2823 174 2880 neratim
189 2831 287 2898 potest
310 2822 443 2880 revooari
465 2821 631 2898 promissio,
658 2821 730 2878 dum
743 2819 914 2895 supervenit
927 2819 995 2877 talis

49 2901 175 2959 mutatio
189 2902 284 2958 statiis
299 2912 349 2958 aut
362 2920 471 2970 rerum,
499 2912 532 2958 ut
545 2901 709 2977 promissor
721 2920 780 2956 non
794 2909 949 2958 conseatur
963 2917 995 2956 se

49 2978 178 3038 voluisse
193 2977 326 3056 obligare
338 2980 365 3036 in
378 2979 429 3037 tali
441 2990 567 3038 eventu:
582 2981 624 3037 sio
633 2999 661 3036 v.
671 2999 700 3056 g.
715 2978 824 3036 desinit
838 2977 994 3055 promissio

49 3059 128 3117 faeta
145 3059 277 3136 pauperi,
299 3059 323 3116 si
338 3060 400 3137 ipse
415 3059 591 3137 promittens
605 3060 635 3115 in
656 3068 861 3135 paupertatem
874 3055 994 3115 ineidat.

49 3136 142 3197 Ratio
166 3137 305 3215 estquod
329 3140 484 3216 promissio
498 3158 557 3196 uon
573 3137 686 3214 obligat
708 3136 786 3194 ultra
800 3136 994 3194 intentionem

48 3217 250 3294 promittentis
262 3239 269 3275 r
284 3216 390 3276 deinde
401 3218 452 3276 lex
462 3218 491 3276 iu
502 3216 590 3276 simili
601 3237 670 3275 casu
678 3225 773 3274 cessat
782 3235 835 3293 per
843 3213 995 3292 epylsiam:

49 3314 122 3374 ergo
136 3298 155 3355 a
168 3296 287 3354 fortiori
310 3297 477 3374 promissio,
502 3315 567 3378 qua
590 3296 684 3355 solum
699 3305 745 3353 est
768 3295 899 3353 adinstar
919 3291 995 3370 legis

67 3377 181 3434 rivataa.

49 3394 67 3453 p
87 3454 125 3514 ld
139 3457 230 3514 etiam
245 3473 346 3513 verum
360 3466 415 3526 est,
438 3457 492 3514 etsi
518 3452 674 3533 promissio
700 3452 778 3512 foret
787 3452 907 3531 jurata,
926 3449 995 3530 qula

49 3535 246 3611 juramentum
260 3543 396 3594 censetur
410 3534 544 3594 adhiberi
568 3532 622 3606 sub
636 3533 741 3593 iisdem
762 3529 995 3609 exceptionibus,

49 3612 101 3673 sub
115 3613 223 3695 quibus
236 3613 315 3672 faeta
328 3625 373 3672 est
394 3615 560 3693 promissio.

87 3693 249 3767 Quomodo
262 3693 419 3770 promissio
433 3705 544 3767 cassat„
563 3692 695 3755 siluerit
714 3699 732 3729 “
744 3689 795 3748 Ad
805 3709 932 3767 eausam,
956 3687 1035 3804 adl

49 3776 65 3810 “
76 3771 371 3850 demonstrationem,
382 3773 449 3836 &o.”
464 3773 564 3856 colligi
577 3783 678 3855 potest
690 3791 730 3834 ex
743 3769 834 3832 Num.
852 3772 897 3830 12.
