2160 4034
344 118 388 161 oa
407 116 489 162 soar
508 116 551 160 ar
569 114 726 162 suerrum.
955 106 1014 165 237

13 264 15 269 -
72 306 79 320 '
105 220 207 321 'Plura
225 222 444 321 circnabortus
456 223 637 302 modumque
650 214 834 319 voluntarios
852 226 1018 318 prasertim

13 330 16 363 ε
71 303 536 462 gppprilpepssbrryrgporplpgspeppt
555 303 634 382 apud
663 304 865 363 Clarissimum
893 304 1018 383 Gangra-

13 516 16 521 ’
145 543 188 602 rs.
216 544 283 603 ras.
327 538 389 598 on
416 539 560 600 renuis
587 540 946 601 reocunsurrum

422 618 672 680 ABORTlUM.

13 760 18 765 ·
64 740 92 802 l.
119 742 253 817 Quidsit
264 760 422 821 procurare
438 738 576 799 murm.
610 739 1018 807 lI.PoenaestotctaedSicto

65 892 69 897 ,
116 821 154 883 V.
195 820 457 882 III-Mcderomen
477 840 534 899 per
561 818 680 897 (ἕτερον.
703 818 794 879 XIV.
835 820 891 881 lV.
920 822 1018 882 Obser-

106 902 210 961 moda
235 900 256 959 d
285 898 482 978 Consectariis.
522 896 561 959 V.
593 898 641 959 De
666 901 783 959 rectione
808 901 909 959 matie
935 904 1017 961 crcoe.

13 1000 15 1057 ζ
106 980 170 1043 vl.
189 978 525 1057 chaptiomooccirico.

68 1130 71 1135 ·
108 1100 139 1161 l.
160 1098 529 1167 PRAENOTANDUM,
543 1099 623 1180 quod
636 1118 797 1178 procurare
810 1099 957 1173 abortum,
979 1103 1018 1161 sit

67 1180 174 1243 studio
198 1180 225 1237 ἃ
247 1198 287 1237 ex
298 1178 454 1256 proposito
478 1178 593 1237 efficere
614 1199 669 1257 per
688 1199 721 1239 se
735 1180 785 1238 vel
798 1199 852 1257 per
865 1180 963 1252 aliurn,
984 1191 1019 1241 ut

68 1263 162 1323 frutus
186 1256 362 1351 promotore
386 1277 426 1316 ex
448 1267 536 1316 utero
559 1257 704 1335 pellatur:
725 1259 803 1318 uude
826 1278 886 1317 non
909 1260 1018 1320 dicitur

13 1370 17 1405 r
71 1338 248 1417 simpliciter
261 1336 431 1416 procuratio
445 1336 577 1405 abortiis,
592 1339 615 1395 si
631 1347 745 1397 tantum
757 1338 880 1397 cmualis
893 1340 941 1409 sit,
956 1341 1019 1400 sive

70 1420 219 1479 indirecte
231 1426 347 1476 tantum
363 1416 545 1474 voluntarius
559 1414 588 1474 iu
599 1437 687 1476 censa
699 1428 823 1487 remota,
838 1418 884 1476 cni
895 1418 1018 1478 effectus

72 1519 128 1579 per
143 1495 280 1557 accidens
299 1493 506 1573 conjungitur3
526 1496 579 1554 sed
599 1496 771 1574 requiritur,
791 1505 827 1554 ut
847 1496 1019 1558 intendatur

74 1578 197 1638 abortus
210 1576 258 1634 rel
275 1586 415 1654 tanquam
435 1574 575 1645 medium,
598 1575 647 1635 rel
661 1586 801 1654 tanquam
813 1575 889 1649 finis,
913 1576 1017 1637 saltem

77 1666 216 1738 qnantum
232 1663 278 1713 est
292 1674 330 1712 ex
343 1664 451 1712 natura
463 1654 597 1713 actionis.

112 1734 200 1807 Modi
220 1744 319 1793 autam
341 1731 447 1810 quibos
460 1732 582 1792 abortus
594 1742 778 1812 procuratur,
799 1743 867 1793 sunt
880 1735 965 1808 varii,
984 1747 1020 1795 ut

75 1811 1017 1897 potionibusmedicamentis,veneris,apertionevenae,ferendo

78 1914 165 1975 grave
185 1893 311 1971 pondus,
331 1890 477 1950 violenter
491 1893 643 1952 irascendo
658 1904 709 1951 aut
728 1892 872 1962 saltando,
893 1893 1018 1973 aliisque

13 2004 20 2013 ·
77 1970 227 2036 sexcentis
235 1971 340 2040 modis,
354 1990 429 2051 quos
442 1972 594 2050 excogitat
607 1972 742 2050 nequitia
754 1973 781 2030 e
795 1992 904 2032 vesona
916 1972 1018 2033 libido.

13 2084 27 2120 e
111 2054 225 2115 Caveat
239 2051 453 2120 confessarius,
476 2069 514 2109 ne
533 2052 726 2129 prenitentem
748 2052 854 2111 doceat
872 2052 901 2111 iu
915 2052 1018 2111 simili·

13 2144 47 2213 εξ
79 2133 142 2195 bosr
163 2130 243 2190 uude
257 2131 327 2189 dum
341 2130 395 2188 lrao
409 2148 497 2208 snper
505 2150 539 2189 re
558 2131 738 2208 interrogari
761 2130 850 2191 debet
862 2132 1017 2211 poeuitens,

81 2212 197 2291 incipiat
206 2210 411 2271 confessarios
421 2209 550 2288 petendo
561 2210 751 2288 generaliter,
761 2230 789 2268 v.
799 2230 829 2288 g.
840 2220 858 2249 “
869 2212 1018 2290 quomodo

22 2303 30 2339 ἰ
84 2290 289 2351 “hoefactum
304 2288 389 2348 est?'’

13 2386 42 2439 :ir
114 2370 200 2445 Quas
213 2388 314 2448 poenas
327 2369 482 2428 incurrunt
495 2378 687 2447 procurantes
701 2367 859 2429 abortum?

13 2482 54 2539 pm
111 2451 151 2511 ll.
174 2452 220 2508 10.
239 2449 400 2508 causantes
411 2448 547 2506 abortum
562 2448 657 2507 solum
671 2448 815 2507 indirecte
828 2467 895 2507 eum
908 2449 1017 2508 formu·

29 2546 36 2553 ·
81 2530 142 2589 liter
164 2548 226 2587 nou
250 2528 439 2597 intendendo,
460 2547 519 2587 non
537 2527 678 2587 videntur
696 2527 847 2586 incurrere
865 2546 966 2605 poenas
987 2528 1017 2586 in

13 2624 51 2678 erl
82 2617 268 2688 procurantes
288 2606 425 2666 abortum
444 2605 528 2677 latas,
550 2608 619 2685 quia
640 2606 855 2685 “procurare”
875 2617 1018 2686 utsupra

13 2722 25 2737 κ
82 2689 184 2749 lictum
207 2696 261 2757 est,
284 2687 425 2764 importet
438 2687 569 2745 studiose
583 2689 609 2746 &
624 2686 661 2746 de
675 2687 819 2745 industria
839 2686 964 2759 efficere,
985 2698 1019 2745 ut

13 2781 39 2837 a·
81 2764 163 2827 letus
175 2766 352 2845 praemature
365 2765 510 2842 ejiciatur.

114 2845 160 2907 11.
180 2848 230 2904 2⁰.
252 2846 353 2905 Sixtus
371 2846 413 2906 .V.
428 2844 517 2903 Bulla
534 2845 755 2904 Essanusrsm
782 2848 818 2903 16
837 2844 1018 2905 Novembris

13 2948 54 2994 ,effi
82 2928 164 2985 1588.
177 2922 321 2993 decernit,
336 2943 448 2994 omnes,
467 2925 517 3002 qui
532 2934 692 3004 procurant
704 2926 842 2984 abortum
854 2924 944 2985 foetrls
958 2926 1020 2984 ani·

13 3028 52 3073 :ser
77 3005 156 3076 mati,
176 3006 242 3063 sive
254 3004 417 3072 inanimati,
438 3003 547 3065 effectu
567 3015 679 3074 secuto,
700 3004 772 3063 item
788 3006 838 3082 qui
853 3004 1019 3063 sterilitatis

13 3096 49 3152 aar
75 3086 214 3179 potiones
233 3082 464 3161 propinaverint,
486 3083 534 3143 vel
548 3084 704 3163 quominus
718 3083 807 3142 status
827 3084 1020 3161 concipiatur,

13 3175 45 3229 rrl
74 3163 320 3243 impedimentum
343 3162 545 3239 prostiterint,
573 3163 622 3222 vel
643 3163 689 3221 his
716 3162 886 3221 criminibus
914 3163 1019 3242 quovis

13 3251 42 3309 sll
72 3243 162 3303 modo
177 3242 330 3319 cooperati
343 3241 464 3311 luerint,
486 3241 636 3301 incurrere
650 3262 752 3301 omnes
766 3262 867 3319 poenas
887 3243 917 3298 in
939 3242 1019 3298 omni

70 3323 139 3403 jare
152 3332 259 3381 contra
273 3320 434 3379 homicidas
447 3320 629 3380 voluntarios
643 3321 734 3390 letas3
755 3323 781 3379 8r
796 3322 915 3398 iusuper
929 3317 1020 3396 subji-

15 3429 35 3466 cr
73 3404 113 3463 ἀι
126 3400 251 3461 eosdem
265 3401 330 3477 ipso
343 3399 422 3458 facto
437 3399 649 3478 irregularitati
668 3402 695 3459 ἃ
713 3396 1020 3469 excommunicationi,

13 3488 34 3546 il
75 3493 205 3561 excepto
230 3481 336 3538 mortis
362 3479 496 3550 articulo,
526 3480 647 3540 Summo
677 3479 815 3539 Pontifici
842 3477 1021 3537 reservatis:

27 3568 30 3579 '
74 3562 147 3621 item
159 3560 261 3640 privat
274 3579 324 3618 eos
339 3559 440 3618 officiis
454 3561 480 3617 lc
494 3557 652 3634 beneficiis,
667 3561 693 3619 8ι
706 3559 744 3620 ad
757 3579 793 3619 ea
807 3555 966 3619 obtinenda
975 3556 1021 3617 in·

76 3651 232 3719 posterum
246 3638 390 3699 inhabiles
403 3637 510 3699 reddit.
