2160 4034
331 142 375 186 na
393 134 529 187 runs'ar
549 134 705 187 susurra.
933 130 1001 189 :tot

88 246 215 309 Dicitur
233 254 254 287 “
264 249 427 308 communis
448 247 577 326 plurium
587 248 613 308 θ’
633 249 703 330 quia
717 247 817 326 opinio
830 240 883 309 ant
902 267 1000 311 sermo

49 328 139 465 quius
153 328 282 387 hominis
295 327 333 388 de
346 329 409 388 vita
418 326 585 389 &moribus
592 347 652 388 non
663 338 820 408 reputatur
828 329 1002 410 simpliciter

65 426 143 467 aura.
897 444 902 454 ·
919 450 923 457 ‚

92 487 218 547 Dicitur
237 494 256 525 “
267 486 447 547 existimatio
461 507 496 547 aa
508 504 606 548 sermo
617 488 643 547 :''
665 490 711 548 10.
720 488 791 568 qnia
800 489 878 548 fama
887 489 1002 550 theolo-

52 566 120 644 gicb
134 566 163 625 a
176 567 374 626 essentialiter
387 577 505 645 sumpta
518 567 653 628 consistit
663 568 695 626 iu'
707 568 770 628 sola
778 569 916 647 opinione
927 566 1003 628 bona

54 645 80 704 la
88 644 206 723 judicio
221 647 357 706 interno:
377 666 437 706 non
451 647 570 706 videtur
582 656 681 707 tamen
690 647 1003 726 famacompleta'nisi

54 742 202 796 sermone,
213 724 308 796 idest,
320 724 417 786 verbis
434 726 567 786 exterius
586 738 743 806 spargatur
753 728 780 785 b
790 727 1004 801 manifestetur.

91 804 241 884 2⁰{Quia
253 807 342 864 fama·
351 814 370 844 ‘⁴
379 804 560 865 formaliter”
573 806 657 866 estin
667 806 887 874 existimationp
900 815 931 866 et
941 824 1001 866 ser-

57 901 141 943 mone
156 884 293 957 uliornm,
308 887 334 943 8r
348 885 374 943 ai
387 884 438 943 alii
448 884 575 944 habeant
588 885 812 944 estimationem
826 885 983 963 positivam
995 911 1003 954 ;

50 986 53 991 ·
72 981 97 1021 r.
107 982 140 1042 g.
152 961 223 1022 dum
235 973 304 1023 actu
314 974 360 1023 est
370 965 532 1023 communis
543 984 645 1024 rumor
655 964 693 1024 de
702 963 851 1043 probitate
862 963 1002 1044 alicujus)

73 1041 163 1102 icitur
184 1052 204 1081 “
215 1043 295 1102 fama
308 1043 436 1122 positiva
446 1042 471 1114 ;'’
489 1044 516 1102 si
529 1053 628 1103 autem
637 1043 848 1125 (lasliqnonon
859 1043 1003 1104 habeatur

58 1140 158 1181 mmor
172 1122 279 1195 malus,
293 1142 348 1182 nec
359 1122 449 1182 etiam
463 1123 567 1195 bonus,
581 1123 690 1183 (licitur
709 1132 729 1163 “
738 1123 816 1182 fama
828 1123 968 1201 negativa
978 1124 1003 1183 ;”

57 1200 182 1340 qqfhanc
195 1201 400 1283 unnsquisque
409 1200 461 1280 jus
471 1200 569 1276 habet,
583 1202 677 1264 donec
689 1202 832 1282 probetur
844 1202 939 1262 malus
952 1204 1002 1264 vel

103 1290 256 1342 ectnosns.

86 1360 228 1421 Additur
256 1368 275 1398 ‘¹
288 1361 326 1421 de
339 1361 402 1420 vita
415 1370 446 1421 et
459 1362 590 1422 moribus
610 1362 759 1441 alicujus‚”
786 1361 824 1421 ad
844 1361 1001 1421 ostenden·

53 1439 131 1512 lum,
156 1442 203 1499 10.
225 1441 315 1515 Quod
337 1441 416 1500 lama
436 1441 647 1502 “radicaliter''
668 1443 707 1501 rit
729 1442 760 1500 in
783 1442 848 1521 ipso
871 1440 1000 1511 homine,

52 1516 136 1597 cujus
150 1519 261 1580 dicitur
274 1540 339 1582 esse
352 1521 451 1590 fama3
470 1522 541 1600 qnia
560 1521 612 1580 alii
627 1521 800 1582 existimant
822 1521 943 1600 inipso,
963 1521 1001 1580 da

50 1616 109 1676 quo
120 1609 169 1658 est
180 1600 267 1671 fama,
291 1619 356 1661 esse
369 1600 593 1681 fundamentum
603 1601 670 1661 talis
683 1601 768 1662 famae
784 1620 836 1660 seu
850 1598 1000 1659 existima-

49 1678 152 1751 tionis,
167 1699 197 1738 v.
207 1700 237 1758 g.
251 1679 329 1760 quod
341 1679 449 1739 haheat
461 1700 511 1740 ees
519 1678 654 1752 virtutes,
666 1700 738 1760 ques
747 1679 827 1739 fama
836 1681 865 1738 ei
875 1677 999 1738 tribuit:

49 1757 131 1818 unde
144 1768 239 1838 patet,
260 1759 340 1840 quod
353 1759 411 1819 alia
425 1761 464 1819 sit
477 1761 556 1820 fama
569 1778 649 1832 vera,
670 1760 728 1819 alia
741 1759 824 1819 falsa.
943 1766 946 1773 '

73 1840 140 1897 ·2⁰·.
164 1839 361 1917 significatur,
376 1839 456 1920 qnod
468 1838 548 1899 fama
557 1838 760 1919 principaliter
773 1838 922 1898 contineat
936 1839 999 1917 opi·

49 1916 173 1977 nionem
187 1919 315 1990 virtutis,
329 1939 358 1978 v.
369 1939 398 1997 g.
413 1917 493 1997 quod
507 1920 573 1999 quis
587 1919 745 1990 citonatus,
761 1918 870 1996 justus,
883 1923 934 1976 tro.
954 1937 999 1976 se-

49 1996 193 2057 cundario
202 1998 370 2076 opinionem
379 1998 521 2056 honarum
532 1998 718 2076 qualitatum,
739 2008 799 2056 tam
810 1995 998 2066 naturalium,

51 2085 85 2135 ut
98 2078 181 2157 quod
195 2079 235 2136 sit
248 2076 360 2148 docilis,
381 2075 453 2136 honi
465 2077 587 2155 ingenii,
608 2079 660 2137 &c
680 2096 767 2158 quam
781 2076 998 2158 acquisitarum,

51 2164 85 2214 ut
98 2157 182 2234 qnod
195 2157 235 2216 sit
248 2157 361 2228 doctus,
377 2156 470 2228 dives,
483 2162 533 2216 &c
849 2172 857 2203 1
874 2176 878 2183 ’

91 2236 175 2309 Quid
190 2247 236 2296 est
249 2236 345 2296 bonor
358 2237 448 2331 vulgo
462 2247 614 2314 respectus
627 2238 642 2297 i

89 2313 133 2375 11.
148 2317 189 2376 R.
203 2316 260 2375 Est
270 2315 472 2376 testimoninm
488 2325 597 2375 nostrae
611 2315 758 2395 opinionis
772 2314 809 2376 de
821 2314 999 2375 exoellentia

51 2394 173 2454 alterius
187 2394 390 2474 aliquomodo
404 2395 565 2474 praesentis.
808 2414 809 2419 ¹

88 2474 308 2536 Testimonium
323 2474 396 2533 illud
410 2476 498 2534 datur
510 2475 590 2534 inter
609 2475 743 2535 homines
764 2474 859 2533 tribus
881 2474 995 2532 modis:

54 2557 98 2613 1⁰.
112 2554 175 2613 Per
185 2553 276 2614 verba
285 2554 456 2626 honorifica,
469 2576 498 2615 v.
509 2575 538 2632 g.
551 2555 684 2614 vocando
694 2554 865 2613 Dominum.
878 2555 926 2610 20.
938 2553 997 2611 Per

51 2642 132 2693 actus
142 2633 330 2705 honorificos,
340 2654 368 2692 v.
376 2653 405 2711 g.
416 2634 615 2693 inclinatione.
635 2637 683 2692 30.
698 2635 813 2693 Perres
824 2631 997 2700 exteriores,

51 2721 83 2770 nt
94 2732 151 2790 per
165 2712 343 2773 oblationem
357 2732 521 2785 munerum,
542 2714 721 2774 erectionem
732 2721 846 2781 statua,
867 2717 918 2770 &c

87 2792 278 2871 ErgaDeum
286 2793 321 2850 fit
328 2793 497 2853 testificatio
506 2793 627 2854 honoris
635 2793 724 2852 etiam
734 2790 796 2851 solit
804 2789 997 2869 cogitatioue3

54 2873 120 2950 quia
135 2882 182 2931 est
192 2882 339 2932 scrutator
353 2873 495 2932 cordium.
550 2909 553 2913 ·

87 2951 184 3022 Nota,
207 2951 287 3010 illam
302 2952 507 3012 excellentiam
521 2953 690 3023 consistere,
715 2953 759 3008 19,
774 2951 803 3008 in
814 2949 934 3018 virtute,
949 2951 996 3006 20.

53 3030 80 3088 in
92 3030 162 3089 aliis
178 3031 418 3109 perfectionibus,
445 3041 507 3091 tam
528 3030 712 3093 naturalibus
736 3050 823 3108 quam
837 3027 997 3106 acquisitis,

55 3109 138 3169 sicuti
152 3109 191 3169 de
199 3110 277 3169 fama
286 3110 397 3170 dictum
407 3121 468 3170 est:
489 3112 567 3171 unde
578 3111 667 3171 etiam
676 3108 771 3169 honor
785 3120 802 3147 “
814 3106 997 3167 radicaliter’'

54 3199 95 3248 est
106 3191 136 3248 in
148 3190 351 3260 honorificato,
373 3200 391 3228 ‘⁴
403 3190 583 3250 formaliter”
602 3190 633 3248 in
644 3189 816 3250 honorante.

89 3269 252 3342 Quomodo
267 3269 367 3329 differt
381 3270 476 3330 honor
491 3271 622 3330 asama?

90 3348 152 3408 lll.
168 3349 207 3408 R.
221 3352 265 3408 10.
277 3350 364 3422 Quod
375 3349 453 3408 fama
461 3348 646 3428 potissimrlm
655 3349 796 3409 consistat
807 3347 836 3405 in
855 3343 993 3422 opinione

49 3428 170 3488 *iuterna
188 3427 317 3506 plurium
338 3428 375 3488 de
399 3430 581 3508 perfectione
601 3428 743 3508 alicujus3
763 3429 857 3486 honor
869 3425 899 3480 in
914 3423 996 3480 testi·

51 3507 151 3566 monio
166 3518 300 3579 externo,
322 3508 411 3567 etiam
425 3508 578 3580 unius,*do
591 3508 767 3568 excellentia
779 3503 924 3582 alicujus.-

54 3664 61 3680 .
88 3589 136 3726 {³5
159 3586 253 3650 Fama
265 3597 311 3649 est
325 3588 361 3650 de
375 3587 506 3663 absente,
520 3588 615 3652 honor
628 3588 665 3651 de
683 3585 822 3669 prasenti
841 3585 870 3642 in
894 3601 925 3642 se
945 3587 997 3639 aut

54 3685 81 3724 m
123 3685 164 3728 ro.
984 3684 989 3691 ,
