2160 4034
330 198 373 239 na
391 198 472 240 surra
491 196 533 239 an
552 196 707 240 voertam.
952 187 991 243 85

86 302 138 363 lV.
163 302 200 361 R„
225 303 270 359 10.
293 300 417 359 Planum
438 308 494 369 est,
515 318 582 359 eum
602 299 712 360 debere
726 303 884 364 restituere
898 312 990 367 totam

54 402 114 451 run,
136 381 162 439 si
176 391 274 451 extet,
294 400 360 439 oum
375 381 457 439 omni
472 380 677 439 melioratione
690 382 859 454 intrinseca,
877 386 994 447 etiamsi

54 461 120 539 apud
135 462 289 535 dominum
304 461 348 517 sio
359 459 516 518 meliorata·
528 479 586 518 non
600 460 724 531 fuisset;
744 463 814 539 quia
830 482 879 522 res
891 466 994 526 melio·

54 554 125 601 ntur
139 541 263 613 domino
277 559 342 598 suo.
370 579 374 587 ·

81 623 129 678 2⁰.
153 620 290 680 Tenetur
308 618 467 678 restituere
486 618 576 696 juxta
588 618 719 677 valorem
744 622 840 680 omnis
857 624 993 685 meliora-

54 700 133 759 ionis
161 699 334 768 intrinsioae,
362 716 450 775 quam
477 717 526 757 res
551 698 630 775 apud
656 699 807 761 domiuum
832 700 993 775 habuisset,

53 780 160 841 memet
175 790 290 837 tantam
310 796 370 836 non
391 775 528 835 habuerit
541 778 620 855 apud
633 778 775 856 injustum
790 779 994 853 detentorem

52 860 112 997 guia
126 878 182 936 per
186 857 337 995 gnjffim
356 855 558 994 detentiotgertn
577 858 734 994 imgedivgt
757 859 836 997 ilitgm
858 862 994 923 meliora-

68 958 166 1007 onem,
228 958 237 995 r
305 955 436 994 ominum
451 956 479 993 tn
514 957 532 993 n
548 956 596 993 um
632 956 709 995 amm
732 958 794 997 oavv

82 1018 134 1077 Ex
147 1018 197 1075 bis
210 1017 355 1095 seqnitur,
370 1015 459 1093 qudd,
484 1016 509 1073 si
528 1015 579 1073 fur
590 1035 654 1074 rem
669 1016 836 1076 vendiderit
849 1029 994 1099 tempore,

52 1110 191 1175 quaerat
211 1096 290 1173 apud
311 1097 409 1173 ipsum
428 1096 588 1154 intrinsece
602 1095 721 1166 melior,
745 1097 853 1156 debeat
875 1098 996 1160 domiuo

52 1175 172 1235 reddere
194 1195 283 1234 omne
302 1175 431 1253 pretium
452 1194 507 1251 pro
527 1192 561 1232 re
581 1173 633 1232 illa
658 1175 813 1234 meliorata
833 1194 995 1256 acceptum,

52 1255 255 1317 maestitiam
268 1254 503 1313 meliorationem
513 1254 592 1332 apud
602 1254 753 1313 dominnm
764 1276 822 1315 non
836 1257 997 1328 babuisset3

88 1333 96 1349 ⁶
124 1334 258 1413 pretium
268 1333 401 1391 suooedit
410 1334 440 1390 in
449 1332 545 1391 looum
560 1333 621 1391 reia
641 1339 667 1392 dl
680 1347 791 1405 eontra,
806 1335 831 1393 si
841 1337 998 1397 furvendi·

101 1414 124 1471 ‘t
149 1434 227 1484 rem,
249 1413 318 1471 dum
339 1412 498 1471 intrinsece
518 1412 640 1471 minoris
661 1414 786 1484 valebat,
812 1436 875 1495 quse
905 1417 997 1495 pluris

58 1492 191 1552 valuisset
198 1495 277 1571 apud
288 1493 447 1561 dominam,
456 1502 592 1551 teneatur
598 1493 756 1552 restituere
760 1494 850 1572 juxta
858 1496 998 1571 valorem,

61 1590 134 1651 'em
146 1574 232 1650 apud
246 1572 397 1631 dominum
411 1570 572 1631 habuisset.

89 1652 170 1727 Quid
184 1654 210 1710 si
224 1652 274 1709 fur
284 1650 455 1710 vendiderit
466 1670 541 1721 rem,
554 1661 689 1728 tempore
703 1670 761 1732 quo
776 1651 907 1712 deterior
920 1654 999 1713 faeta

63 1728 118 1802 bat,
138 1752 180 1791 an
194 1742 317 1790 tenetur
331 1731 489 1789 restituere
501 1728 592 1807 juxta
606 1730 749 1808 optimum
770 1744 889 1801 statum,
910 1753 998 1811 quem

63 1807 458 1969 btt‘ltlllll’tt
478 1809 1000 1969 tllttltllllltm,ll'ltt

62 1970 121 2048 qud
137 1970 297 2030 dominum
310 1968 493 2028 deteriorata
505 1968 620 2040 fuisset,
640 1969 689 2027 vel
703 1970 772 2045 quia
785 1969 921 2029 dominus
935 1989 999 2031 eam

60 2046 194 2108 inviliori
209 2060 290 2108 statu
304 2047 524 2108 destruxisset?

83 2130 122 2191 V.
147 2131 190 2189 R.
215 2128 371 2188 Sententia
380 2127 555 2185 affirmativa
567 2136 691 2204 apparet
700 2128 812 2197 verior;
832 2129 901 2208 quia
915 2149 1001 2190 omna

52 2204 185 2288 itquod
200 2209 246 2267 rei
258 2208 417 2266 intrinsece
428 2206 550 2278 aceedit,
564 2207 602 2264 ad
616 2206 765 2266 dominnm
780 2219 909 2285 spectum
928 2228 1002 2288 ergo

48 2306 110 2347 urm
131 2290 196 2358 fur,
220 2288 315 2345 invito
329 2286 459 2357 domino,
480 2303 544 2344 rem
564 2285 606 2343 sio
624 2285 809 2345 melioratam
829 2288 1001 2358 detinuerit,

47 2368 203 2427 eontraxit
212 2366 424 2443 obligationem
433 2365 610 2424 restituendi
621 2365 700 2423 istud
708 2366 901 2426 substantiale
908 2367 1003 2427 inere·

47 2460 200 2507 mentum:
223 2466 290 2525 qua
300 2445 453 2521 obligatio,
469 2454 573 2522 utpote
584 2464 623 2502 ex
634 2445 743 2522 injusta
752 2448 932 2524 acceptione,
943 2467 1003 2506 non

47 2528 243 2603 extinguitur
267 2525 322 2583 nisi
344 2543 398 2602 per
417 2524 645 2583 restitutionem.
687 2525 836 2584 Probatur
855 2526 944 2585 etiam
965 2544 1004 2585 ex

47 2606 115 2684 lege
130 2610 161 2664 8.
175 2605 231 2663 lib.
249 2606 293 2662 13.
308 2604 415 2681 digest.
427 2604 476 2661 tit.
493 2606 518 2661 l.

88 2684 250 2764 Objioies:
272 2685 297 2741 si
320 2683 436 2741 furatus
460 2683 514 2739 sim
541 2681 693 2741 minimam
720 2682 860 2760 plantam,
887 2703 953 2762 quoe
974 2684 1003 2743 in

50 2765 143 2823 fundo
167 2784 239 2822 meo
259 2762 392 2840 plantata
412 2761 599 2841 exerevit-in
619 2780 756 2839 magnam
777 2761 923 2834 arborem,
944 2784 1004 2824 non

53 2858 157 2903 teneor
172 2843 337 2903 restituere
350 2860 487 2919 magnam
502 2841 655 2909 arborem
676 2859 748 2918 ergo
762 2842 859 2901 necin
874 2862 954 2901 oasa.

91 2924 148 2985 Vl.
173 2924 215 2983 R„
237 2922 317 2999 Neg.
328 2940 447 2998 eonseq.
463 2920 629 2997 Disperitas
640 2930 695 2990 eet,
709 2920 788 2998 quod
801 2940 857 3001 per
869 2921 967 3001 legem
977 2925 1006 2981 7.

55 3002 163 3061 libel.
178 3003 291 3079 digest.
304 3000 322 3083 ᾖ
337 3003 381 3058 13.
392 3002 439 3057 tit.
453 3002 478 3057 1.
491 2999 560 3057 talis
574 2999 675 3076 planta
687 3019 741 3077 per
753 3000 1007 3078 implantationem

58 3082 311 3141 &iudicationem
326 3080 378 3138 liat
393 3099 473 3138 mea:
494 3080 573 3137 unde
586 3078 658 3136 mibi
672 3080 1006 3140 fruetificatdzmeliora-

61 3174 111 3232 tur,
134 3172 301 3239 manetque
316 3160 411 3218 solum
426 3158 569 3235 obligatio
583 3158 739 3235 reparandi
759 3159 906 3231 damnum,
927 3161 1005 3238 quod

61 3242 176 3301 domino
191 3240 282 3299 intuli
296 3237 475 3299 eradicando
485 3242 511 3295 ds
521 3237 683 3295 auferendo
697 3237 827 3315 plantam
841 3239 942 3318 ipsius,
956 3238 1009 3298 ssd

62 3320 112 3380 tale
125 3331 277 3381 statutum
292 3339 351 3377 nou
366 3318 493 3377 habetur
506 3316 543 3374 de
556 3315 622 3374 aliis
637 3315 734 3375 rebus.

95 3400 218 3473 Deinde
238 3399 385 3465 dominus,
403 3416 442 3456 ex
456 3396 540 3475 eujus
556 3395 640 3473 sylva
661 3396 728 3454 telis
750 3396 850 3474 plante
865 3396 1008 3466 aufertur,

44 3528 46 3533 .
67 3491 195 3539 censetur
205 3478 288 3537 illam
298 3478 371 3558 (nisi
382 3478 461 3536 foret
470 3476 721 3554 extraordinaria)
730 3476 880 3543 deserere;
893 3474 967 3535 adeo
977 3488 1011 3536 ut

69 3560 108 3618 lat
118 3560 297 3627 auferentis,
305 3556 394 3615 modo
405 3556 544 3614 restituat
552 3554 699 3624 darnnum,
711 3556 789 3632 quod
801 3554 891 3633 sylvae
901 3555 1011 3615 intulit.

99 3642 149 3697 An
161 3637 304 3697 similiter
313 3635 402 3695 titulo
415 3634 533 3715 injuste
541 3634 720 3711 acceptionis
734 3654 781 3693 res
795 3633 912 3693 restitui
922 3635 1012 3698 debet

74 3717 223 3779 erundum
236 3735 385 3778 summum
399 3714 529 3776 valorem
543 3713 765 3774 extrinsecam?
