2160 4034
78 116 138 175 880
465 129 651 175 morsum

113 313 155 376 Ν.
174 314 222 373 oo.
264 311 324 370 uu
345 311 531 373 scrnnru
552 280 774 374 rnrvnniu
796 270 993 375 reunion
1034 356 1058 369 f

213 390 468 453 Auounnum
493 392 581 452 vnn
605 393 899 453 Minnunnuu.
1064 445 1066 450 .

85 514 112 574 l.
129 515 276 575 Privatim
297 516 386 572 sciens
402 517 526 591 pretinm
546 515 707 589 arroensium
722 513 768 573 vel
782 514 967 572 minuendum
977 537 1019 595 pn-

119 604 171 654 test
180 615 267 653 emere
279 594 323 651 vel
337 597 452 652 vendere
466 596 559 670 pretio
571 596 706 662 currenti,
755 592 796 651 ll.
819 593 953 671 Segeste
964 597 1020 674 vids

112 672 232 752 fraude,
273 672 334 731 lll.
353 672 398 730 Et
409 672 500 731 abusu
512 675 632 731 roientiae
645 671 664 729 d
676 669 864 748 Magn'otratu.
1071 690 1080 699 ·

123 794 187 853 AN
200 793 339 870 privatim
358 795 453 852 soiens
478 793 607 872 pretium
629 793 736 853 merois
758 791 841 852 brevi
865 793 1025 871 eugendum

83 883 136 933 ont
148 871 351 941 minuendum,
373 882 474 948 potest
488 872 571 950 just&
586 892 649 931 enm
673 873 770 950 pretio
788 874 924 932 rumenti
937 890 1026 934 emere

83 951 132 1011 rel
146 952 275 1010 vendere
288 971 347 1010 non
362 952 475 1010 monito
489 951 584 1010 altero
598 952 815 1011 contrahente?
873 966 877 973 '

125 1031 151 1091 l.
172 1031 210 1090 R.
231 1031 428 1101 Affirmative,
442 1031 531 1089 modd
542 1030 620 1089 absit
633 1032 728 1090 omnis
742 1030 787 1088 vis
801 1031 827 1089 dr
839 1030 945 1098 fraus3
965 1032 1027 1108 quie
1078 1089 1080 1098 ι

82 1110 214 1189 pretinm
223 1128 344 1167 currens
355 1120 402 1168 est
411 1111 541 1188 pretium
550 1110 675 1187 justum,
690 1111 717 1167 tr
727 1109 860 1167 nondum
872 1119 1028 1180 mutatum
1063 1093 1080 1154 ἶ

83 1208 139 1268 per
152 1189 298 1267 privatum
312 1189 390 1248 enim
411 1189 563 1247 scientium
584 1208 643 1247 non
664 1199 797 1247 mutatur
809 1188 944 1265 pretinm
956 1207 1028 1248 torn·
1060 1165 1080 1234 Ι

84 1287 184 1338 mune,
200 1266 280 1345 qnod
293 1267 460 1327 confirmari
474 1278 574 1344 potest
587 1267 718 1326 exsecto
731 1267 863 1344 doseph.
881 1266 959 1327 Gen.
971 1287 1028 1346 esp.
1053 1261 1080 1339 fl

84 1349 133 1406 tl.
147 1347 197 1427 qui
212 1347 241 1403 in
263 1347 401 1424 AElgypto
425 1348 534 1406 coemit
555 1346 738 1405 frumentum
761 1347 862 1424 pretio
876 1349 1028 1417 communi,
1051 1342 1080 1418 „E

85 1425 383 1507 divindrevelatione
398 1437 505 1497 certus,
523 1427 654 1504 pretinm
668 1444 733 1485 esse
746 1425 919 1504 ungendum
934 1424 972 1484 oh
987 1427 1027 1484 iu·
1047 1414 1080 1493 l..

83 1516 183 1564 turum
196 1504 395 1563 sterilitatem.
1055 1547 1060 1561 .
1075 1548 1080 1570 .

125 1583 197 1662 Obj.
219 1583 301 1642 Talis
316 1603 343 1642 v.
354 1604 384 1661 g.
398 1592 516 1662 emptor
527 1583 678 1643 inducitur
691 1602 794 1643 errore
807 1582 947 1653 formuli3
965 1583 1023 1662 quit
1046 1606 1048 1611 ·

86 1663 114 1722 si·
125 1665 261 1722 scivisset
274 1665 402 1740 pretium
420 1663 622 1733 minuendum,
644 1681 704 1721 non
718 1662 794 1721 tenti
808 1663 935 1722 emisset
953 1682 1022 1724 reu:

85 1763 159 1822 ergo
174 1742 242 1801 talis
257 1742 389 1802 venditio
403 1754 449 1802 est
462 1742 550 1801 nulla.
802 1795 807 1801 .
1041 1776 1080 1863 ⁴..

125 1823 164 1881 R.
184 1821 333 1899 Negendo
347 1842 466 1900 conseq.
480 1823 549 1901 qnia
563 1819 630 1880 talis
643 1839 729 1881 error
741 1840 800 1879 uon
815 1831 864 1880 est
877 1823 958 1880 eirea
968 1819 1021 1881 suh-
1050 1864 1056 1868 -

86 1902 234 1970 stantiam,
256 1900 309 1960 ted
330 1901 407 1960 circa
434 1901 569 1960 occidens
596 1900 717 1963 omnino
743 1901 957 1970 extrinsecum,
981 1920 1022 1960 uer
1047 1916 1053 1948 ἓ

85 1982 176 2041 etiam
190 1989 326 2039 causatus
339 1989 385 2038 est
399 1980 591 2050 dvenditore,
605 1985 631 2038 tr
644 1980 712 2039 ideo
726 1998 811 2039 error
824 1981 885 2038 iste
897 1979 972 2037 nihil
981 2000 1021 2038 no-
1050 1996 1057 2005 ·

86 2070 134 2119 eet
148 2059 321 2128 contractui,
343 2060 429 2116 sicuti
439 2057 529 2136 juxta
543 2077 645 2118 omnes
658 2058 733 2117 nihil
747 2069 843 2130 nocet,
859 2059 885 2116 si
898 2078 984 2118 error
994 2061 1024 2118 sit

86 2139 118 2197 in
130 2150 258 2216 utroque
273 2137 475 2196 contrahente.

128 2216 200 2296 Obj.
223 2217 265 2275 ΙΙ.
287 2217 337 2297 qui
352 2218 408 2275 soit
421 2216 587 2277 debitorem
601 2237 686 2275 suum
710 2236 771 2276 non
794 2236 860 2276 esse
882 2217 1024 2288 solvendo,

85 2309 139 2356 eut
153 2317 282 2356 meroem
296 2316 378 2356 suem
394 2296 476 2355 hrevi
490 2296 745 2375 corrumpendam
766 2316 825 2356 non
840 2307 944 2374 potest
957 2296 1027 2355 dehi-

85 2389 151 2436 tum
173 2377 340 2446 istud-neo
360 2395 489 2434 mercem
505 2376 635 2436 vendere
656 2377 755 2454 pretio
776 2379 943 2436 communi:
964 2395 1026 2454 ergo

86 2476 144 2516 nee
156 2475 293 2524 meroem,
308 2456 393 2532 eujus
407 2456 534 2533 pretium
549 2457 634 2513 novit
647 2455 731 2514 brevi
745 2455 950 2514 minuendum.

127 2536 165 2595 R.
187 2535 334 2612 Negando
361 2554 480 2612 conseq.
509 2535 677 2612 Disperitns
704 2544 758 2605 est,
792 2535 872 2614 qudd
901 2534 1027 2594 debitum

84 2615 165 2674 istud
179 2615 219 2672 sit
232 2616 261 2671 in
276 2632 307 2672 se
323 2613 458 2672 vitiatum
476 2614 553 2672 sicut
566 2624 597 2672 et
610 2612 667 2671 isto
690 2633 786 2683 merx,
808 2633 873 2695 qum
895 2633 937 2672 ex
958 2615 1025 2672 vitio
1078 2609 1080 2691 l

85 2695 247 2752 intrinseco
268 2693 486 2771 corrumpendo
503 2703 566 2752 est:
587 2692 691 2751 verdm
704 2694 735 2750 in
748 2702 852 2751 nostro
866 2712 938 2751 casn
953 2712 1031 2751 merx
1061 2744 1065 2751 .

85 2773 167 2830 nullo
182 2773 255 2831 vitio
269 2773 375 2830 affecta
389 2784 443 2842 est,
455 2783 486 2830 et
500 2773 624 2830 scientie
636 2770 761 2849 alicujus
775 2771 963 2853 particularis
976 2791 1029 2831 non

83 2862 181 2910 mutat
195 2852 323 2929 pretium
338 2871 500 2920 commune,
517 2863 550 2909 ut
564 2851 674 2909 dietum
689 2861 745 2909 est.

127 2931 223 2989 Aliud
237 2931 325 3000 foret,
348 2930 418 2989 dum
437 2931 633 2988 communiter
651 2931 744 2987 scitur
756 2931 885 3006 pretium
901 2930 1032 2988 minuen-

86 3009 174 3077 dum;
194 3011 264 3086 quia
278 3022 348 3068 tuno
364 3009 480 3066 illarum
494 3029 593 3067 rerum
604 3009 733 3086 pretium
744 3029 783 3068 ex
792 3011 945 3068 communi
957 3010 1032 3069 exis·

84 3088 239 3147 timetione
248 3088 312 3165 jam
327 3099 464 3147 censetur
478 3088 664 3147 diminutum.

89 3195 94 3206 ·
109 3210 113 3216 -
126 3167 299 3226 Notandum
317 3169 362 3225 10.
377 3166 573 3227 Venditorem
594 3167 680 3226 focile
701 3186 823 3245 peceare
838 3168 867 3226 in
882 3188 954 3228 oesu
968 3188 1034 3230 oon·

84 3256 134 3305 tre
146 3246 329 3317 charitatem,
342 3247 508 3323 presertim
523 3249 547 3304 si
567 3246 617 3304 uni
631 3258 662 3305 et
676 3247 771 3305 eidem
794 3247 941 3308 venderet
953 3268 1033 3328 mug-

85 3345 153 3385 num
181 3327 295 3403 copiam
324 3325 464 3384 similium
491 3326 644 3398 mercium,
675 3338 886 3386 conservatum
915 3329 1032 3389 easdem

86 3425 195 3482 magno
209 3425 262 3463 suo
276 3405 466 3463 detrimento.

127 3485 171 3544 ΙΙ.
183 3487 231 3542 2⁰.
245 3484 440 3544 Venditorem
449 3503 572 3561 peceare
583 3483 849 3562 oontrejustitinm,
864 3486 942 3556 sivi,
953 3504 1032 3546 men·

88 3561 393 3623 deciisoutblanditiis
402 3564 867 3641 insolitisemptoreminducatad
876 3567 1032 3625 emendum

84 3641 327 3716 similesmeroes,
337 3653 368 3704 et
377 3642 455 3702 idem
466 3653 513 3702 est
521 3643 559 3703 de
568 3654 850 3723 emptorerespeotn
859 3644 1032 3706 venditoris.

396 3742 399 3765 l
