2160 4034
230 176 274 219 na
292 175 374 219 roan
393 174 435 217 ur
456 175 609 218 rusrrrm.
839 154 895 216 178

63 281 102 341 R.
122 280 239 342 Eodem
249 279 339 341 modo
348 289 384 339 ut
394 279 580 342 contumelia.
622 277 892 340 UndevideNum.

52 458 155 500 omues
170 439 369 499 detractiones
383 448 453 497 sunt
465 437 599 517 ejusdem
614 437 746 514 speciei?

49 519 81 581 ld
94 520 328 587 conuoyertitur
338 519 414 578 sicut
428 518 466 577 de
480 516 667 577 contumelia.
699 516 761 591 Qui
773 528 895 596 negant,

54 599 164 658 famam
173 609 308 659 constare
317 596 451 677 partibus
460 598 576 656 interse
585 601 682 675 specie
690 588 896 668 distinctiaitd

49 679 169 753 alama,
181 679 241 758 qut
269 677 317 737 uis
330 687 485 756 reputatur
499 685 517 715 “
526 675 651 746 castus,”
664 675 763 754 specie
777 676 897 735 differat

49 757 169 830 alama,
181 758 240 837 qud
249 699 360 816 dicitur
373 765 391 795 ‘⁴
395 755 524 836 justua,”
537 756 613 815 adeo
623 764 656 814 nt
666 754 778 815 ladens
786 755 896 814 famam

49 838 77 897 is
90 838 224 897 materiis
238 835 350 915 duplex
363 836 461 914 speeie
474 844 627 914 peceatum
640 835 852 894 committeret.

51 936 68 974 o
87 917 279 995 respondent,
306 915 359 997 qui
378 915 583 974 affirmativam
602 924 718 993 partem
738 913 895 983 sustinent,

49 995 173 1056 lefectus
184 996 332 1074 pudicitia
345 1007 376 1054 et
384 994 519 1072 justitiae,
544 992 725 1053 considerati
744 994 776 1052 in
792 990 896 1052 ordine

49 1076 158 1135 sionem
181 1075 276 1145 fama,
297 1093 331 1133 se
351 1074 479 1133 habeant
499 1088 574 1151 pure
594 1072 797 1142 materialiter,
816 1073 896 1131 siout

49 1174 59 1248 s
74 1155 192 1232 argenti
205 1153 331 1214 velauri
345 1173 377 1213 se
392 1152 502 1213 habent
521 1153 716 1212 materialiter
728 1151 768 1212 ad
780 1152 895 1210 furtum

48 1253 148 1294 rssnm.
844 1245 846 1251 '

49 1312 63 1372 1.
85 1310 240 1392 Quidquid
253 1312 293 1370 sit
306 1309 343 1370 de
357 1311 416 1370 ista
431 1310 642 1390 speculatione,
666 1329 768 1370 ornnes
789 1310 896 1369 admit·

49 1412 87 1452 ro
101 1393 196 1470 praxi,
215 1410 303 1450 uuam
317 1390 533 1450 detractionem
551 1408 616 1448 esse
637 1389 810 1450 notabiliter
829 1407 896 1467 gra·

49 1492 62 1530 1
75 1471 189 1542 alterdr
208 1490 243 1529 ac
256 1470 330 1530 adeo
344 1471 375 1527 iu
389 1469 574 1528 confessione
592 1469 802 1547 exponendam
822 1487 897 1539 esse,

49 1592 53 1608 .
66 1550 192 1610 materia
205 1559 237 1610 et
249 1548 399 1628 quomodo
413 1548 559 1609 detractio
573 1548 730 1607 commissa
743 1551 793 1607 sit.

54 1672 104 1729 99.
145 1670 205 1729 ΒΕ
228 1668 489 1730 GRAVITATE
509 1666 851 1729 DETRAOTIONIS.
890 1738 895 1757 ι

49 1780 62 1830 t
84 1778 229 1850 meatum
256 1767 372 1828 mortale
400 1788 434 1827 ee
461 1787 569 1843 ymera
611 1766 653 1826 Il.
681 1764 768 1827 Varie*
797 1770 897 1846 augeri

131 1858 231 1927 potest.
273 1847 334 1908 Ill.
353 1847 408 1907 Fe
425 1846 575 1925 dupliciter
595 1845 711 1905 emole.
892 1892 896 1899 .

51 1948 66 2007 l
81 1947 186 2005 virtuti
199 1956 347 2025 repugnat
360 1945 530 2006 detractio?

50 2027 212 2105 Repugnat
225 2026 362 2084 charitati
376 2036 407 2085 et
416 2024 548 2104 justitie·
556 2024 786 2085 commutativae.

49 2116 147 2165 autum
160 2115 312 2185 peecatum
327 2114 373 2164 est
387 2104 554 2165 detractio?
893 2152 896 2157 .

49 2187 72 2246 t
88 2186 144 2244 Est
153 2205 191 2243 ex
201 2204 312 2262 genere
322 2204 375 2243 ruo
385 2194 538 2263 peceatum
549 2183 689 2244 mortale:
703 2180 900 2243 diciturenim

49 2263 97 2323 ub.
107 2284 169 2343 cap.
180 2265 273 2326 ειν.
283 2266 311 2322 9.
321 2264 542 2323 “Abominatio
553 2262 706 2322 hominum
718 2263 869 2323 detractor
875 2262 899 2332 ;’'

49 2344 133 2404 Rom.
148 2363 210 2421 cap.
227 2346 252 2401 1.
286 2352 302 2379 “
314 2342 508 2402 Detraetores
526 2340 748 2401 contumeliosi’
762 2341 901 2401 dicuntur

49 2423 66 2480 ιὶ
81 2423 203 2482 morte.'’
244 2421 322 2482 Item
336 2421 550 2481 “detractores
564 2422 632 2481 Deo
647 2421 799 2481 odibiles.''

49 2502 189 2563 Gravitas
198 2500 389 2560 detractionis
400 2499 501 2559 multis
512 2500 608 2560 modis
619 2501 722 2579 augeri
731 2508 844 2579 potest;
866 2514 901 2559 ao

49 2602 80 2640 ro
94 2581 236 2654 defectus,
258 2580 309 2660 qui
327 2581 541 2650 manifestatur,
563 2589 609 2638 est
622 2579 717 2657 magis
730 2578 901 2657 probrosus.

63 2661 132 2734 Quo
146 2680 281 2739 persona,
302 2660 349 2718 cui
364 2659 539 2728 detrahitur,
561 2667 608 2719 est
622 2658 749 2738 dignior,
770 2656 901 2716 maxime

49 2759 79 2799 ra
99 2740 163 2819 ejus
177 2740 216 2798 sit
230 2739 295 2798 aliis
317 2739 482 2798 necessaria
494 2738 543 2798 vel
563 2737 654 2811 utilis,
675 2747 709 2796 ut
730 2737 755 2795 si
776 2736 900 2798 Pastor:

49 2839 99 2898 luo
114 2820 272 2878 detrahens
294 2818 389 2896 magis
408 2818 567 2877 obstrictus
588 2826 634 2876 est
655 2835 790 2896 persona
814 2814 901 2889 lesse,

49 2898 65 2956 ri
79 2897 157 2956 filius
172 2896 308 2957 detrahat
321 2896 502 2974 parentibus.
851 2906 855 2911 ’

61 2977 130 3051 Quo
145 2977 278 3037 defectus
292 2976 340 3037 vel
354 2977 475 3048 crimen,
489 2976 569 3057 quod
578 2973 738 3045 revelatur,
751 2976 847 3054 magis
858 2975 903 3034 di·

49 3056 70 3115 ri
83 3067 185 3116 natum
199 3067 254 3126 eet,
268 3077 298 3116 v.
311 3076 341 3133 g.
355 3057 380 3115 si
394 3056 568 3115 detrahatur
581 3074 681 3113 coram
694 3053 831 3132 garrulis,
855 3055 902 3114 vel

49 3134 141 3229 cellos·
150 3137 290 3206 famosos,
304 3135 490 3214 quodetiam
504 3134 614 3196 infore
628 3143 753 3195 externo
767 3133 901 3213 graviter

63 3235 153 3274 amn.

49 3236 110 3355 pFlo
124 3295 313 3372 graviorem,
335 3313 395 3372 quo
407 3292 502 3371 magis
517 3301 562 3353 est
575 3292 756 3371 persnasira,
776 3300 810 3350 ut
830 3291 901 3355 dnm

49 3394 115 3433 rens
129 3374 248 3434 affectat
262 3375 376 3434 sincere
390 3382 421 3433 et
433 3372 597 3451 prudenter
610 3372 702 3452 loqui.

65 3453 136 3527 Quo
149 3452 263 3531 majora
275 3453 353 3511 mala
366 3472 405 3512 ex
419 3471 455 3510 ea
466 3449 622 3522 resultant,
635 3462 670 3511 ut
682 3449 710 3511 si
722 3447 843 3507 infamia
855 3465 906 3507 re·
925 3482 930 3515 ι

49 3542 71 3591 tt
84 3533 115 3591 in
129 3532 370 3592 communitatem
383 3540 435 3591 aut
447 3530 599 3602 familiam,
619 3529 680 3588 filia
693 3526 874 3604 impediatur
886 3540 899 3583 1

49 3611 146 3691 nienti
173 3611 372 3683 matrimonio,
401 3610 554 3689 operarios
581 3607 733 3687 rejiciatur
752 3615 792 3667 ut
806 3600 899 3771 md

49 3711 64 3765 l,
86 3697 137 3751 dcc·
464 3752 467 3757 ,
525 3741 531 3753 ,
804 3762 811 3773 .
837 3688 876 3757 ,ι’

888 3778 899 3803 .l
