2160 4034
367 177 410 219 nn
430 174 678 220 conmortuus.
938 162 1002 220 167·

81 282 176 342 Mene
189 283 426 342 contrahentium
440 283 538 362 colligi
553 283 651 353 debet,
676 280 723 341 rel
737 302 776 342 ex
789 282 854 361 ipsa
863 281 994 342 declara·

50 360 127 421 tioue
142 363 389 433 contrahentium,
401 363 447 421 vel
462 382 500 421 ex
514 364 606 440 signis
619 373 672 420 ant
682 362 918 432 circumstantiis,
929 381 957 420 v.
962 381 993 438 g.

50 439 70 496 ti
81 445 278 519 apposuerint
291 462 406 520 prunam
421 444 451 500 iu
464 443 657 511 resilientem,
671 452 808 501 censetur
820 451 990 501 contractus

50 530 137 590 meua,
152 532 310 601 autequam
322 523 362 580 sit
375 522 566 599 conscriptus.

85 599 326 670 Observandum,
345 599 434 678 juxta
447 601 602 659 articulum
620 601 665 658 19.
685 599 775 660 edicti
788 601 925 679 perpetui
940 598 994 658 Al-

50 676 124 738 berti
139 681 166 738 &
182 678 315 739 Iaabellae
328 691 471 739 statutum
485 699 560 750 ease,
581 698 697 738 omnem
712 689 895 738 contractum
909 679 946 738 da
960 699 994 739 re

50 759 212 817 excedente
235 759 364 819 valorem
388 762 447 817 300
460 759 639 818 florenorum
661 758 726 818 fiori
750 757 859 818 debore
882 758 1012 836 scripto·

52 837 100 895 sub
114 839 237 916 propria
255 838 491 897 contrahentium
505 839 666 917 signatura,
691 838 739 897 vel
752 856 851 897 coram
866 837 993 897 Notario

52 918 224 986 &testibua
238 929 289 977 arat
302 918 361 976 ulia
373 917 491 995 publica
504 937 638 994 persona,
653 917 812 976 securtddm
828 917 907 995 quod
921 937 991 998 qua·

52 993 113 1054 litas
124 999 295 1057 contractus
309 998 420 1074 exigit:
440 997 581 1074 scriptum
596 997 675 1055 istud
686 996 780 1055 solum
795 996 882 1054 fidem
894 995 993 1055 facere

54 1075 75 1131 in
87 1077 158 1135 foro
172 1090 308 1146 externo,
330 1076 404 1135 adeo
428 1087 462 1133 nt
478 1075 595 1154 judices
617 1075 726 1135 nnllam
741 1077 827 1134 aliam
842 1073 993 1155 probatio·

54 1173 112 1213 nem
128 1175 185 1233 per
198 1167 290 1215 testeo
304 1155 461 1213 admittere
472 1156 600 1233 possint:

83 1234 168 1293 Hinc
182 1235 310 1293 edictum
325 1235 444 1313 proprie
467 1236 582 1292 tantdm
605 1233 810 1312 probationem
833 1236 994 1306 concernit,

50 1331 101 1371 non
125 1314 222 1390 iprum
246 1315 377 1373 valorem
391 1315 569 1373 contractus.
611 1315 658 1373 Ita
673 1315 816 1384 Herincx,
839 1314 886 1373 De
901 1314 991 1393 Oooq,

49 1395 94 1450 lae.
125 1393 207 1454 Vide
217 1393 447 1453 etiamAurolm.
456 1403 612 1451 comment.
621 1394 658 1453 ad
669 1393 797 1452 edictum
806 1403 994 1473 perpetuum.

82 1472 161 1532 VII.
183 1474 302 1531 Dicitur
312 1483 479 1530 contractus
494 1471 596 1550 perfici
617 1482 635 1510 ‘⁴
648 1474 820 1542 consensu,”
834 1492 893 1532 non
908 1477 993 1550 quari

53 1570 72 1609 u
94 1551 163 1610 aliis
177 1552 375 1610 contractibus
383 1570 542 1611 consensus
552 1571 611 1609 non
625 1552 845 1630 requireretur;
859 1551 910 1610 aad
924 1552 994 1629 quia

49 1631 110 1690 eolo
124 1650 269 1690 consensu
290 1631 425 1707 legitimo
440 1632 533 1708 sigula
553 1630 741 1690 manifestato
763 1634 916 1709 peragitur
929 1631 993 1689 aina

49 1729 86 1781 re,
101 1710 201 1770 verbis
216 1712 414 1787 ascriptum:
430 1712 503 1770 talos
514 1721 684 1769 contractus
697 1719 766 1768 aunt
779 1710 900 1787 emptio,
913 1709 992 1769 loca·

49 1791 90 1850 tio
103 1795 129 1850 di
143 1790 276 1872 plerique
291 1790 350 1848 alii.

115 1949 156 2009 N.
176 1953 204 2009 2.
247 1951 306 2010 DE
327 1948 560 2011 DIVISIONE
581 1948 926 2010 CONTRACTUUM.

52 2070 75 2132 I.
97 2072 264 2133 Contractus
288 2074 427 2133 diuiditur
450 2075 481 2132 io
502 2071 663 2154 explicitum
686 2071 712 2147 ds
734 2070 907 2149 implicitum.
949 2069 991 2129 II.

88 2151 299 2211 Innominatum
313 2153 338 2227 dp
352 2156 537 2221 nominatum,
579 2150 639 2210 111.
662 2150 763 2210 Stricti
774 2151 856 2227 juria
876 2149 992 2224 dfdouoe

78 2231 163 2307 fidei,
205 2232 259 2292 1v.
273 2232 392 2290 Nodum
409 2232 584 2304 domatum,
626 2231 664 2290 V.
682 2230 825 2297 Firmum,
840 2228 991 2302 irritum&

87 2311 296 2380 rescindibilcm,
338 2311 394 2370 vl.
413 2311 529 2370 Puram
546 2311 768 2387 dsnonpurum.
809 2308 883 2367 Vll.
903 2306 992 2367 Abso-

88 2389 453 2462 lutomdpoooditionotom
495 2389 588 2451 VIII.
613 2386 817 2463 Gratuitumdp
838 2406 993 2448 canosum.

88 2469 147 2530 lx.
169 2469 282 2528 Horum
291 2469 462 2549 differentia.

87 2588 313 2663 QUOMODO
324 2589 468 2648 dividitur
478 2589 676 2649 Contractus?

88 2667 111 2726 1.
132 2669 172 2728 R.
197 2672 241 2727 1⁰.
267 2669 421 2728 Dividitur
442 2670 473 2727 iu
497 2669 668 2747 explicitum
697 2686 748 2727 eeu
770 2664 933 2739 formalem,
961 2678 993 2727 et

58 2747 222 2824 implicitum
236 2768 288 2808 eeu
304 2747 469 2808 virtualem.
491 2768 496 2777 ·

86 2827 254 2906 Explicitua
268 2849 321 2887 eeu
343 2826 476 2886 formella
496 2837 542 2885 ast
557 2827 615 2897 ille,
640 2846 699 2904 qno
720 2824 927 2884 contrahentes
940 2845 992 2885 ex-

58 2924 146 2984 pressa
161 2908 199 2966 de
220 2929 252 2967 re
274 2909 372 2985 aliqua
392 2907 580 2975 conveniunt,
603 2926 630 2964 v.
644 2925 673 2983 g.
687 2905 829 2964 dicendo:
850 2915 869 2943 “
884 2905 992 2966 Vendo

59 2986 132 3045 “tibi
148 2986 223 3044 hanc
237 3007 298 3047 rem
315 3007 368 3064 pro
390 2986 441 3044 tali
456 2985 577 3064 pretio.’'
698 3027 704 3037 =

87 3065 250 3143 Implicitus
265 3087 317 3126 sen
333 3065 466 3124 virtualis
480 3077 534 3132 eat,
550 3065 618 3123 dnm
634 3065 697 3123 eine
712 3083 852 3141 expressa
864 3083 990 3124 eonven-

58 3144 125 3203 tione
149 3147 309 3223 suscipitur
331 3147 420 3204 tacite
445 3144 587 3222 obligatio
597 3145 722 3222 justitia
737 3164 774 3201 ex
789 3143 867 3202 facto
888 3144 987 3222 aliquo

59 3223 146 3283 licito:
168 3245 196 3282 v.
216 3246 246 3303 g.
270 3247 308 3285 cx
332 3226 534 3302 acceptatione
556 3223 679 3302 alicujus
701 3222 798 3292 officii,
825 3223 991 3300 diciturque

59 3304 372 3382 “qnasi-contractus.”

88 3385 127 3443 II.
142 3387 191 3444 20.
214 3385 367 3444 Dividitur
381 3384 410 3442 in
426 3392 607 3442 contractum
629 3381 850 3441 nominatum&
865 3381 989 3439 innomi·

59 3473 158 3522 netum.

87 3544 290 3602 Inuominatus
304 3554 359 3613 est,
373 3543 492 3624 quinon
508 3539 596 3600 habet
610 3540 737 3620 speciale
751 3558 876 3606 nomen3
900 3538 989 3615 liuius

57 3634 114 3682 eunt
126 3633 255 3703 quatuor
266 3624 387 3701 species,
400 3621 529 3680 scilicet:
543 3630 561 3658 “
572 3621 621 3681 Do
633 3632 665 3680 ut
675 3620 743 3679 deo:
755 3620 830 3678 Iacio
843 3630 875 3676 ut
885 3619 990 3679 saciant

57 3713 70 3739 “
79 3703 115 3763 do
128 3716 162 3761 ut
175 3702 283 3761 facias:
303 3702 380 3761 focio
396 3712 428 3760 ut
439 3701 516 3760 des.”

128 3801 197 3840 von.
213 3800 246 3840 ιι.
523 3797 539 3838 z
