2160 4034
59 180 99 242 '76
419 190 422 194 ·
443 194 632 237 ‘rasorium

82 302 127 361 Ἰ.
148 301 187 361 R.
206 298 367 376 Negstive,
397 300 532 376 exeeptis
553 297 669 358 duobus
696 299 830 372 essibns3
860 304 932 384 quia
952 310 993 363 'nn

62 393 184 442 tenetur
197 380 336 437 dominns
357 398 420 437 reru
435 397 517 437 suam
532 398 641 449 emere,
663 378 728 438 orlm
744 380 869 440 inillam
893 383 993 461 plenun

63 480 147 520 sunm
154 459 353 539 jusretineet,
373 456 551 539 ubicumque
564 457 616 517 illo
628 459 758 518 existatr
779 460 847 520 binc
857 465 947 520 etiem
956 482 993 523 nn

61 550 164 620 potest
176 539 245 597 tulis
255 549 374 616 emptor
386 537 540 596 remittere
551 537 702 596 dominum
716 539 754 599 ud
768 541 876 612 furem,
903 551 938 601 ut
947 558 993 621 pte

63 622 139 680 tium
151 619 243 697 ipsius
257 638 275 677 a
287 619 354 676 fure
367 618 451 695 pride
465 627 631 695 recuperet.
984 630 993 659 1¹

104 698 234 774 Quinum
246 709 315 755 suut
327 698 378 756 isti
389 698 449 756 duo
462 716 547 755 oesus
561 696 704 776 exeepti?

103 779 147 839 ll.
168 778 207 836 R.
228 778 348 836 Primus
362 789 417 846 est,
438 776 464 834 si
487 775 539 835 ille
552 789 670 854 emptor
683 796 746 835 rom
761 777 873 837 domini
888 780 993 856 geren

62 858 196 926 utiliter,
216 867 286 915 tuno
299 855 388 925 enim,
402 855 630 915 uthnbeturlib.
642 859 670 914 2.
684 856 792 934 digest.
805 858 855 917 tit.
865 860 895 915 5.
906 859 993 936 legel

62 948 183 997 tenetur
198 934 334 994 dominus
348 935 507 994 refundere
519 936 663 1016 quidquid
672 937 779 1017 uliquis
792 938 993 1014 expenderiti

62 1036 137 1077 rem.
180 1016 275 1094 quue
285 1014 403 1073 obtinet
415 1015 444 1071 i·
462 1012 589 1095 utroque
602 1017 678 1085 foro,
700 1016 843 1075 edmtalis
852 1017 993 1095 emptori

63 1096 173 1156 feeerit
181 1095 219 1154 de
232 1113 378 1153 consensu
388 1093 501 1152 domini
512 1093 728 1153 rationabiliter
737 1088 927 1174 presumptio,
939 1096 993 1169 &sl

62 1175 244 1235 interveniet
256 1172 341 1252 quusi
356 1184 525 1232 oontruotus
538 1175 726 1252 negotiorum
741 1175 881 1252 gestetis,
908 1189 942 1234 ut
953 1177 993 1237 -Η

59 1256 149 1315 betur
158 1252 264 1313 eodem
278 1253 328 1313 lib.
339 1256 368 1311 2.
381 1255 429 1312 tit.
446 1254 493 1319 19,
507 1252 575 1330 lege
591 1255 637 1311 18.
724 1280 727 1285 ·
979 1262 993 1289 ‘¹

106 1335 182 1407 Quis
196 1344 315 1411 emptor
327 1332 438 1392 dieitur
450 1351 514 1392 rem
528 1332 640 1392 domini
651 1351 758 1411 gerere
772 1332 915 1393 utiliter?

102 1415 142 1474 R.
163 1412 214 1471 Ad
228 1413 286 1471 boe
297 1412 477 1490 regulariter
489 1412 551 1471 hmo
564 1412 623 1471 trie
633 1413 842 1491 requiruntur:

106 1494 152 1552 1⁰.
174 1492 218 1551 Ut
231 1512 294 1551 rem
309 1501 390 1550 emat
402 1510 442 1550 ex
455 1491 621 1551 intentione
635 1510 699 1550 enm
714 1492 835 1551 domino
851 1492 993 1553 reddendi

64 1575 113 1633 2⁰.
133 1582 168 1630 ut
180 1571 312 1649 pretium
333 1570 435 1630 dutum
458 1591 519 1630 non
533 1571 670 1648 ndrequet
683 1570 815 1630 valorem
829 1572 894 1641 τοίς
914 1575 963 1633 3⁰.
973 1580 993 1633 -t

64 1651 197 1733 alioquin
219 1670 267 1710 res
291 1650 413 1744 domino
426 1670 484 1744 non
506 1663 588 1744 esset
595 1650 756 1744 reddenda,
777 1651 825 1711 vel
839 1651 944 1711 saltem
958 1660 993 1713 nd

66 1729 852 1891 miliinbbbririiibbsgibiliiguubilguisrbbbiemitin
866 1810 993 1877 nundilri

57 1901 120 1948 -uut
129 1890 203 1947 foris
211 1888 313 1946 liberis
327 1887 504 1947 habentibus
517 1888 572 1946 hoo
582 1889 790 1967 privilegium:
809 1890 917 1949 eodem
925 1890 993 1968 pritl

64 1970 94 2027 le
117 1967 146 2027 io
160 1967 292 2046 gaudere
307 1966 404 2025 solent
418 1968 541 2027 Montes
556 1968 692 2040 Pietatis,
703 1971 729 2028 lt
739 1968 809 2028 alibi
820 1969 911 2028 etiem
926 1968 993 2029 Aul

69 1989 157 2118 labri,
179 2047 339 2117 Veterurii,
360 2051 411 2105 dte.
966 2062 969 2067 ·

110 2127 197 2187 cirea
207 2125 282 2184 hono
290 2125 496 2203 exeeptionem
508 2122 584 2186 bene
594 2127 733 2187 observat
740 2127 887 2187 -Deelmon
898 2127 993 2207 uliiqu

68 2206 153 2284 leges
166 2204 232 2263 illas
245 2224 304 2264 non
320 2204 462 2283 prodesse
480 2204 564 2265 mole
585 2206 657 2264 fidei
679 2206 872 2285 emptoribus,
892 2200 993 2269 imonl

69 2286 166 2346 dubiae
180 2283 261 2354 fidei,
283 2284 367 2345 ‘uxta
382 2284 540 2363 Steyoert3
560 2288 608 2344 20.
623 2286 707 2345 Bene
720 2285 993 2357 attendi-deberet

61 2384 176 2429 ‚revere
188 2364 263 2423 tales
289 2383 359 2442 eges
370 2383 424 2422 seu
437 2365 594 2443 privilegia
604 2366 742 2436 existunt,
754 2380 909 2444 quousque
919 2368 950 2425 in
963 2384 993 2427 tn

67 2443 137 2585 sipt,
157 2449 184 2503 dr
197 2450 330 2524 q'uaenum
344 2442 658 2522 prmoederedebeunt,
672 2454 707 2503 ut
720 2445 880 2525 privilegio
890 2445 993 2507 tabee

66 2545 85 2583 e
108 2534 216 2583 ertum.
530 2538 533 2543 ’

110 2605 160 2663 An
174 2601 295 2681 ille,qui
305 2610 459 2660 oontroetu
469 2621 605 2673 oneroso,
614 2622 642 2660 v.
655 2621 685 2681 g.
699 2604 858 2681 emptione,
869 2622 932 2663 rem
945 2604 993 2663 bo

69 2684 129 2743 lide
143 2703 162 2751 e
174 2682 240 2741 fure
258 2680 425 2760 aequisivit,
443 2683 540 2759 possit
564 2683 731 2742 rescindere
754 2695 948 2755 eontrsotum,
967 2704 993 2747 u

68 2762 203 2822 noscitur
216 2761 322 2830 aliene,
333 2762 434 2819 &eom
447 2762 508 2817 furi
517 2762 651 2831 reddere,
663 2763 832 2840 utpretium
843 2782 993 2842 recupero

69 2841 167 2980 Alpi.
188 2841 228 2900 R.
249 2841 336 2900 Cirou
350 2841 424 2898 bano
443 2842 636 2921 questionem
663 2843 727 2902 haeo
749 2855 831 2902 certo
851 2856 920 2901 sunt
942 2862 993 2925 apr

101 2930 135 2978 ut
157 2939 242 2978 ores:

114 3001 159 3058 10.
182 2999 321 3077 sigrano
343 3017 406 3057 rem
420 2998 518 3058 efure
539 3001 696 3078 uooeperit,
710 3019 769 3059 non
783 3000 854 3061 lieet
873 3021 940 3061 eum
958 2992 993 3069 sd

70 3078 207 3146 reddere,
227 3088 384 3156 postquam
398 3078 519 3137 illumin
534 3099 588 3138 sue
595 3081 781 3158 possessione
795 3081 907 3140 habuit.
980 3108 993 3165 ‚p

111 3158 160 3215 20.
182 3156 323 3234 siponto
344 3156 430 3230 feeile
453 3158 583 3236 pretinm
606 3179 690 3217 sunm
718 3155 993 3238 reeuperere'e'lun

70 3239 193 3311 tenetur
204 3255 267 3294 rem
282 3235 454 3295 immediate
466 3237 585 3296 domino
601 3240 768 3297 restituere.

109 3319 157 3375 8⁰.
178 3316 323 3375 Econtru
344 3326 443 3392 potest
457 3335 519 3374 rem
531 3316 589 3375 furi
604 3314 740 3388 reddere,
760 3330 794 3378 ut
816 3320 946 3397 pretium
968 3332 993 3385 rt

71 3396 172 3475 cipiet,
192 3395 219 3453 si
230 3395 317 3453 focile
328 3393 464 3454 dominns
477 3416 541 3454 rem
555 3415 574 3454 o
583 3396 649 3455 fure
659 3416 835 3476 recuperare
843 3402 947 3478 possit'
963 3408 967 3417 '

103 3478 161 3535 4⁰.
181 3474 252 3535 Non
265 3483 365 3552 potest
375 3492 438 3534 rem
451 3474 529 3533 illem
542 3477 670 3536 vendere
684 3491 736 3537 aut
745 3478 832 3538 aliter
842 3478 993 3553 distrahere

71 3565 107 3615 ut
120 3575 152 3614 se
167 3564 266 3622 servet
280 3554 458 3625 indemnem,
479 3574 547 3613 ousu
562 3574 620 3637 qno
634 3556 685 3616 fur
696 3576 756 3618 non
769 3558 947 3633 inveniatur,
971 3582 993 3622 u

70 3635 202 3716 pretium
214 3632 348 3712 recipere
361 3653 420 3694 non
433 3635 537 3712 possit.
