2160 4034
742 118 746 139 ,

277 188 320 230 uu
341 185 579 230 conmortuus
600 187 634 229 m
655 188 772 233 sonora.
944 154 1009 231 trs

50 293 135 371 ‘qui
159 292 320 351 committit
344 293 497 369 pecuniam
525 309 607 348 suam
635 291 794 349 mercatori
821 290 867 351 rel
896 292 1002 351 artifici

52 381 138 449 ‘per
162 371 282 429 modum
310 372 461 430 societatis
484 369 635 447 cujusdam
660 389 718 428 non
744 372 887 430 transfert
908 370 1002 429 domi·

51 453 165 510 ‘nium
180 449 313 528 pecunie
336 469 396 508 sua
419 451 448 507 in
470 448 562 515 illum,
584 449 636 507 sed
650 460 805 526 pet-munet
826 450 906 528 ejus:
928 470 1001 528 ergo

49 537 63 567 ἰ*
80 550 150 589 sors
159 548 308 610 nunqnam
319 527 479 587 dividenda
488 540 544 596 est,
555 528 607 585 sed
617 527 779 586 conferenti
792 530 1002 589 restituenda.”

88 610 131 669 R.
152 609 232 686 Neq.
255 627 391 686 couseq.=
417 608 486 684 quio
511 606 541 666 S.
566 607 674 667 Thom.
696 618 811 666 tantum
835 610 907 680 vult,
933 608 1004 668 eum'

49 708 109 748 aon
135 688 298 747 transferre
323 689 341 746 a
364 707 397 746 se
419 687 582 745 dominium
608 690 738 761 pecunia
762 688 904 760 totaliter,
929 691 1001 748 acsi

49 767 203 828 desineret
217 767 350 826 totaliter
364 784 430 825 esse
443 766 544 843 ipsius,
563 777 595 822 ut
608 765 642 822 lit
656 767 686 823 in
702 776 814 835 mutuo,
837 768 874 826 ‹le
888 788 946 851 quo
962 768 1003 826 ibi

49 847 132 926 agit3
153 848 280 905 intentio
293 847 373 905 enim
396 846 490 922 ipsios
513 854 561 903 eat
574 844 759 903 solummodo
775 847 910 923 probare,
932 847 1003 906 dum

49 927 120 985 talis
136 928 165 984 in
181 927 323 984 societate
336 924 476 993 lucratur,
499 923 580 981 illum
595 944 652 982 non
668 924 776 983 lucrari
798 926 1004 995 curculione,

51 1006 104 1065 sed
121 1026 159 1064 ex
174 1025 206 1063 re
221 1005 358 1083 propria;
380 1004 458 1081 quod
473 1004 562 1061 etlam
579 1022 680 1062 verum
695 1015 750 1074 est,
769 1006 826 1062 etsi
841 1004 1005 1065 dominium

53 1085 204 1163 pertineat
218 1084 255 1142 ad
269 1103 371 1142 omnes
386 1083 481 1142 socios
496 1082 591 1140 simul.

93 1164 217 1223 Deinde
231 1164 322 1222 verba
347 1164 377 1222 S.
399 1163 505 1222 Thom.
530 1162 671 1239 applicari
695 1174 819 1239 possunt
842 1165 1006 1223 contractui

55 1245 208 1303 societatis
222 1243 401 1320 apparentis,
415 1242 522 1319 dequo
534 1243 649 1319 egimus
664 1242 693 1300 in
706 1243 897 1321 responsione
907 1244 1007 1317 tertio.

98 1323 147 1382 Do
172 1324 315 1380 societate
341 1321 510 1380 animalium
547 1321 661 1380 consoli
688 1334 813 1400 possunt
840 1323 889 1382 De
917 1324 1007 1405 (locq.

59 1404 243 1472 Braunman‚
264 1400 384 1479 aliique.

163 1600 223 1661 No.
243 1602 291 1661 54.
332 1600 393 1659 DE
419 1600 689 1661 CONTRACTU
709 1601 913 1665 TRlPLlCl.

60 1740 87 1799 Ι.
113 1740 283 1800 Contractus
305 1739 409 1817 triplex
449 1738 490 1796 Il.
512 1738 568 1797 Est
590 1743 749 1809 usurarius,
771 1743 798 1798 si
818 1743 930 1800 ineatur
948 1764 1012 1802 oum

104 1820 200 1914 melem
221 1839 353 1913 pascuo.
385 1816 463 1912 „lll-
493 1818 574 1877 Licet
597 1819 755 1878 successive.
797 1820 852 1881 IV.
881 1819 932 1880 Aa
957 1824 1014 1883 duo

99 1918 193 1977 premo
205 1908 264 1957 atat
274 1918 410 1957 usuram.

101 2041 214 2116 QUID
229 2051 275 2099 est
288 2049 456 2098 contractus
469 2039 605 2118 triplex?

99 2122 125 2182 l.
147 2121 185 2181 R.
208 2121 256 2180 sic
270 2132 402 2189 vocatur,
423 2119 493 2198 quia
506 2120 694 2197 componitur
707 2140 746 2178 ex
767 2118 861 2180 tribus
882 2121 1007 2182 diversis

52 2200 267 2269 contractibus,
288 2199 400 2258 scilicet
426 2219 466 2257 ex
492 2209 645 2258 contractu
673 2200 833 2271 societatis,
860 2194 1010 2263 assecura-

57 2280 149 2340 tionis
167 2280 266 2348 sortis,
280 2284 306 2338 ἃ
320 2277 671 2356 emptionis-venditionis
689 2278 763 2336 lucri
785 2279 892 2338 incerti
912 2282 1009 2359 pretio

56 2370 158 2420 certo:
179 2378 207 2416 v.
217 2378 247 2434 g.
260 2359 393 2420 Joannea
408 2357 499 2415 tradit
515 2358 606 2415 Petro
620 2357 778 2415 mercatori
799 2358 880 2417 mille
901 2379 1007 2419 aureos

55 2441 95 2498 ad
117 2439 369 2515 negotiationem:
391 2436 443 2494 sed
465 2437 598 2498 Joonnes
621 2436 742 2513 cupiens
764 2457 829 2495 esse
849 2450 948 2496 cartus
970 2440 1008 2498 de

57 2537 112 2577 sne
138 2527 228 2586 torte,
262 2518 318 2574 init
344 2526 527 2574 contractum
555 2516 781 2574 assecurationis
809 2536 874 2576 cum
902 2516 1008 2576 eodem

59 2597 162 2666 Petro,
187 2595 285 2655 dando
301 2615 326 2653 r.
338 2616 367 2673 g.
381 2597 420 2652 50
430 2613 545 2663 aureos,
560 2606 593 2653 ut
604 2596 670 2671 ipso'
681 2596 821 2672 suscipiat
836 2596 863 2652 in
879 2615 910 2653 se
922 2614 1010 2655 omne

56 2676 221 2755 periculum
235 2676 342 2733 sortis:
363 2673 471 2733 deinde
484 2675 554 2755 quia
572 2674 732 2752 probabilis
746 2694 813 2755 spes
827 2674 951 2753 effulget
964 2674 1008 2733 lu·

57 2754 160 2814 orandi
178 2758 234 2813 loo
247 2774 362 2824 aureos,
377 2752 450 2811 illud
464 2755 577 2811 lucrum
592 2765 742 2830 speratum
758 2752 861 2812 vendit
875 2755 1008 2816 Joonnes

60 2835 153 2893 Petro
165 2834 326 2892 cononis.
367 2831 414 2891 ltu
434 2833 567 2894 ,loannes
589 2852 709 2891 securus
730 2842 776 2891 est
789 2833 827 2892 de
841 2853 894 2892 sna
915 2846 1006 2905 sorte,

57 2915 84 2971 8⁵
96 2913 136 2973 de
149 2916 189 2971 30
202 2914 300 2972 aureis
313 2931 403 2989 cupra
417 2921 527 2970 sortem
543 2911 731 2989 recipiendis.

97 2993 210 3052 Forma
224 2992 311 3069 hujus
325 2991 493 3049 contractiis
507 2991 600 3049 videri
616 3000 715 3069 potest
729 2991 807 3069 apud
823 2990 871 3052 De
886 2993 976 3080 Cooq.

97 3071 149 3130 An
164 3084 333 3130 contractus
347 3069 456 3147 triplex
471 3080 517 3128 est
530 3070 651 3130 licitus?

98 3151 142 3211 ll.
164 3151 202 3211 R.
224 3151 401 3210 Contractus
416 3149 524 3226 triplex
548 3148 667 3208 illicitus
689 3159 736 3208 est
753 3153 961 3221 nodomarius,
983 3153 1007 3209 si

55 3231 198 3310 partiales
222 3229 263 3287 illi
289 3240 457 3289 contractus
484 3229 621 3287 ineantur
644 3249 710 3287 oum
734 3229 837 3289 eudem
865 3250 1009 3308 persona;

57 3311 128 3390 quio
142 3310 325 3387 degenerant
339 3309 368 3366 in
384 3307 510 3366 virtuale
528 3319 662 3367 mutuum
684 3311 860 3367 usurarium.
901 3309 1008 3369 Videri

56 3400 184 3468 metunt
208 3408 263 3467 pro
286 3389 339 3446 lrao
366 3388 513 3446 sententio
542 3387 670 3464 Sylvius,
695 3389 815 3458 Hermo,
844 3388 892 3447 Da
917 3390 1009 3468 (locu,

58 3469 215 3538 Daelmuu,
245 3468 382 3535 Billuart‚
410 3469 461 3524 &c
502 3467 632 3526 Videtur
658 3469 747 3526 ctiam
782 3467 949 3545 prohibitus
984 3474 1012 3531 dr

59 3548 217 3607 damnatus
239 3548 268 3605 in
294 3546 383 3606 Bulla
405 3545 483 3605 sixti
498 3546 537 3605 V.
551 3566 616 3624 quae
636 3548 741 3624 incipit
765 3544 1039 3619 Buritanorum*

59 3630 86 3686 a
100 3648 167 3707 qua·
183 3627 277 3685 videri
291 3636 391 3706 potest
404 3625 483 3704 apud
498 3625 546 3683 De
561 3627 651 3705 Gocq‚
667 3625 821 3699 Duelman,
837 3629 888 3686 &u
1003 3622 1029 3649 '¹‘

143 3723 212 3766 vot.
226 3724 260 3765 ιι.
512 3708 558 3764 21
