2160 4034
109 125 168 188 tta
489 138 675 184 rracnartn

108 256 214 308 contra
235 245 379 325 Sylriam,
400 244 480 327 qaod
501 256 599 305 metus
621 244 728 305 mortis
749 249 802 303 aut
815 240 965 321 gravioris
980 242 1060 315 mali,

106 326 245 409 quamsit
254 325 666 404 ipsadamnidoatio,excuset
679 345 697 383 a
710 324 797 400 culpa
805 333 838 382 ct
851 321 1057 394 mentatione

106 407 178 486 qaia
190 406 303 464 linitum
325 416 370 464 est
384 424 496 483 ponere
509 406 655 464 actionem
671 401 832 462 secundhm
845 420 879 461 se
889 392 1059 462 indifferen-

107 497 168 546 tem
182 485 220 545 ad
231 485 341 544 bonum
353 485 452 556 finem,
472 483 596 545 licetex
608 483 723 543 malitia
736 483 857 542 alterius
872 480 943 539 inde
956 500 1060 564 sequa·

104 576 158 625 tur
179 565 318 624 damnum
340 565 432 635 tertii,
453 564 582 624 maxime
605 563 724 642 quando
748 561 843 621 bouus
867 561 995 621 effectus
1019 573 1064 621 est

105 642 230 724 majoris
237 644 406 783 dmomenti,
426 662 516 723 qaam
532 644 681 715 damnum,
702 642 783 722 quod
797 640 900 700 axilla
924 641 1062 721 seqnitur

174 743 235 783 acci
257 743 319 783 eus

108 742 231 862 Wfflm
254 802 450 862 communiter
474 813 617 862 excusant
641 800 796 861 Authores
818 819 881 871 cos,
898 799 956 882 qul
977 803 1078 879 gravi,

106 892 191 950 metu
212 893 362 960 cognatur
382 883 516 960 recipcre
536 883 629 954 tures,
657 901 760 940 eorum
784 882 994 949 instrumenta,
1015 880 1078 983 vclp

102 961 221 1043 praedas
245 961 364 1040 longids
387 961 523 1033 avehere,
545 963 614 1042 qnia
638 960 749 1019 similes
773 961 914 1030 actiones,
937 958 1078 1049 dumcxp

105 1041 282 1105 aooessitate
303 1041 388 1112 liunt,
409 1042 504 1118 magis
528 1041 766 1100 determinantur
789 1040 827 1097 ad
840 1039 985 1097 damnum
999 1057 1017 1096 a
1029 1059 1071 1100 aa:

107 1120 312 1190 avertendum,
333 1140 421 1199 quam
446 1120 484 1179 ad
508 1120 596 1180 alteri
618 1120 803 1179 nocendum:
823 1117 872 1176 vel
891 1113 1078 1203 dicandum}

108 1200 188 1278 qaod
198 1200 316 1260 domini
329 1219 388 1259 non
401 1209 580 1261 censeantur
595 1198 812 1258 rationabiliter
826 1197 923 1268 iuviti,
937 1197 1009 1256 dum
1024 1197 1053 1257 ai·

106 1280 193 1339 miles
207 1280 339 1338 actiones
354 1299 411 1338 aon
425 1279 483 1338 nisi
497 1299 563 1338 cum
577 1275 972 1357 gravissimisiacommodis
993 1295 1078 1362 poa-¹3t

107 1368 177 1419 suut
186 1359 227 1418 ab
242 1358 447 1418 innocentibus
459 1358 577 1417 evitari.
1065 1388 1078 1457 p

149 1439 208 1498 IX.
232 1437 406 1498 Notandum
429 1457 486 1516 pro
509 1437 564 1497 hac
587 1437 758 1519 quaestione,
789 1435 916 1495 multdm
943 1435 1075 1521 attendip

109 1516 218 1579 debere
241 1516 507 1596 apprehensionem
537 1537 721 1576 communem
740 1516 930 1595 prudentum,
961 1513 1055 1574 utrium

107 1598 174 1677 quis
187 1608 342 1657 censeatur
355 1597 534 1675 participare
547 1597 595 1656 rel
608 1616 678 1655 noo.
1070 1644 1076 1681 ;

146 1680 194 1736 2⁰.
216 1676 323 1737 stelio
337 1676 427 1735 modo
451 1676 546 1755 possit
567 1676 681 1735 occurri
702 1676 768 1734 istis
789 1673 884 1744 malis,
905 1693 933 1731 v.
947 1692 978 1752 g.
998 1693 1078 1759 moi

105 1757 204 1816 nendo
228 1756 450 1834 Magistratum,
481 1755 511 1814 id
534 1756 601 1815 lieri
628 1754 757 1824 dcbere;
791 1753 923 1835 alioquin
945 1754 1054 1812 incurri

108 1835 319 1914 obligationem
334 1835 541 1894 restitutionis.
1073 1882 1078 1917 ,

144 1919 193 1974 8⁹.
215 1915 336 1989 Quanti>
351 1915 430 1973 actio
443 1934 483 1974 cx
492 1923 576 1974 metu
589 1914 723 1992 prestita
735 1913 830 1991 magis
840 1913 1057 1991 appropinquat
1073 1930 1078 1998 '1

108 1995 310 2072 cooperationi
321 1992 448 2071 injustia,
457 2004 541 2052 tanto
550 1994 692 2072 majorem
703 1993 813 2053 debere
824 2011 889 2050 esse
903 1993 1057 2068 rationem,
1076 2022 1078 2031 =

109 2074 323 2166 obquamqnis
337 2092 369 2132 sc
384 2072 493 2131 habeat
505 2074 689 2151 permissive.
787 2098 790 2101 ·
1076 2124 1078 2128 Α

147 2153 189 2214 Χ.
211 2153 282 2230 ΟΙῃ.
304 2153 453 2211 Damnata
463 2153 689 2230 estpropositio
700 2154 749 2210 51.
762 2150 800 2210 ab
813 2150 988 2210 innocentio
1001 2149 1059 2208 Xl.

106 2233 137 2291 in
151 2252 210 2315 qua
223 2232 351 2291 dicitur:
378 2231 549 2293 “Famulus
563 2233 614 2312 qui
628 2232 777 2291 subservit
791 2231 874 2301 hero,
896 2229 1058 2289 deferendo

105 2320 124 2350 “
138 2312 355 2373 scalam....uon
369 2321 472 2389 peccat
491 2311 668 2382 mortaliter,
689 2312 715 2369 si
729 2311 760 2368 id
774 2310 864 2368 faciat
877 2320 960 2368 metu
974 2319 1059 2368 uota·

105 2400 124 2431 “
138 2391 206 2451 bilis
220 2390 402 2461 detrimenti,
416 2391 484 2450 &c.”
504 2410 578 2469 ergo
588 2391 614 2449 si
629 2401 725 2450 metus
739 2410 798 2449 non
814 2400 936 2448 excuset
950 2408 1059 2448 amor-

107 2469 170 2541 tali,
191 2473 281 2530 etiam
291 2491 350 2529 non
362 2480 485 2529 excusat
497 2491 516 2530 a
529 2472 729 2530 restitutione.

145 2551 184 2611 R.
205 2550 352 2628 Negando
371 2570 460 2608 conse
482 2571 570 2608 .nam
585 2550 636 2608 illa
648 2550 814 2627 propositio
823 2549 907 2627 justh
918 2549 1060 2609 damnata

106 2639 161 2699 est,
179 2632 223 2690 1⁰.
240 2631 318 2704 Quia
330 2640 455 2688 excusat
461 2573 610 2687 lamulum
625 2628 664 2687 ob
678 2640 788 2687 metum
804 2629 878 2688 levis
891 2630 972 2698 mali,
983 2632 1058 2706 puta

104 2720 124 2752 ⁴⁴
139 2709 188 2768 Ne
199 2710 294 2768 torvis
305 2709 397 2769 oculis
407 2709 594 2786 aspiciatur‚”
609 2710 660 2768 &a
680 2711 728 2766 20.
744 2710 823 2782 Quia
833 2707 1057 2778 excusatillum,

103 2787 155 2868 qui
174 2788 356 2847 “multoties
379 2788 452 2848 hero
466 2789 509 2847 ita
522 2787 671 2847 subservit
683 2788 708 2846 =”
728 2809 783 2847 nos
798 2799 896 2847 autem
918 2788 1057 2858 dicimus,

104 2876 217 2925 metum
238 2887 298 2926 non
320 2887 385 2926 esse
394 2868 507 2946 justam
522 2887 648 2939 causam,
670 2868 695 2926 si
709 2867 768 2926 alio
788 2868 877 2926 modo
897 2869 994 2946 possit
1015 2869 1058 2925 iu·

17 2994 19 2999 .
106 2946 293 3006 commodum
308 2948 405 3016 vitari,
420 2959 455 3005 ut
464 2957 564 3026 potest
572 2947 700 3006 famulus
710 2949 740 3005 in
752 2947 831 3005 dicta
841 2947 1059 3026 propositione,

106 3024 270 3085 deserendo
285 3026 398 3085 scilicet
411 3027 500 3085 istum
513 3027 699 3087 famulatum.

145 3103 217 3182 obj.
241 3108 288 3163 2⁰.
320 3105 483 3164 Christiani
496 3107 606 3184 captivi
624 3107 807 3184 remigantes
829 3106 860 3162 in
883 3105 1056 3165 triremibus

107 3183 272 3244 Tuscorum
292 3204 351 3242 non
365 3195 545 3244 excusantur
559 3206 576 3244 a
590 3186 714 3255 damnis,
737 3205 802 3263 quae
817 3205 919 3243 eorum
942 3185 1054 3244 auxilio

105 3264 238 3323 infcmnt
253 3263 368 3336 Turre,
391 3263 463 3323 licet
476 3265 520 3323 illi
534 3275 625 3342 agant
637 3275 720 3325 metu
733 3266 859 3323 mortis:
880 3285 963 3343 ergo,
984 3272 1036 3324 &a
1066 3275 1069 3279 '

144 3343 183 3404 R.
204 3342 352 3420 Ncgaudo
370 3363 489 3425 conseq.
513 3345 582 3422 quia
608 3344 659 3402 isti
683 3345 793 3422 captivi
806 3345 982 3421 remigando
1002 3363 1053 3422 op·

102 3432 237 3502 puguant
250 3421 461 3500 rempublicam
477 3424 684 3495 Christianam,
710 3443 765 3502 pro
787 3444 844 3506 quc
858 3425 947 3482 etiam
963 3425 1054 3482 vitam

100 3502 283 3582 profundere
291 3500 412 3563 dabam.
453 3503 543 3577 Quod
565 3503 719 3562 sitantum
740 3515 881 3582 ageretur
894 3503 931 3561 de
946 3503 1053 3562 damno

101 3581 202 3661 aliquo
215 3582 382 3660 temporali,
392 3591 480 3660 putat
490 3581 645 3652 Daelman,
667 3602 719 3642 eos
739 3603 798 3643 non
819 3582 1054 3662 improbabiliter

103 3662 240 3725 memori
265 3680 362 3740 posse,
384 3663 471 3720 sicuti
494 3672 680 3723 excusantur
697 3661 810 3736 rustici,
841 3665 892 3741 qui
914 3674 1051 3743 tempere

101 3740 172 3802 balli
184 3749 268 3805 metu
281 3741 387 3805 mortis
400 3741 530 3804 evehunt
543 3740 667 3822 praedas.
