2160 4034
116 125 177 184 250
308 154 311 158 ·
510 142 699 187 emeramus

113 324 154 384 nr.
176 325 243 384 res.
297 324 357 389 nu
376 325 708 387 ansrrrurronu
728 323 792 387 ux
812 288 1000 397 eruero,
1022 324 1055 386 sr

258 426 398 489 vraoo
419 427 583 495 urenae
603 425 922 517 oonsENsumr.

113 583 138 644 1.
157 584 629 663 Resmutovirytnewmenrmru
670 586 713 646 Π.
738 586 800 647 aad
817 586 918 645 iactu
931 580 1072 701 pmcne]

305 664 366 731 bus-
405 664 467 743 lu·
493 667 778 743 Quiddeaupmeato
789 667 873 757 dotis..

120 858 124 863 ·
150 821 176 889 I·
197 822 236 883 sl
249 823 334 901 virgo
348 823 470 917 ejusque
483 833 621 902 parentes
633 824 727 895 libere
740 823 770 881 in
785 833 922 901 stuprum
934 804 1042 895 consen·
1068 832 1071 843 '

108 899 560 982 tiaut‚stupratoradrirhiiipsis
569 903 1045 983 tanetumquiasuppositoetiau‚
1068 950 1072 959 .

110 980 190 1057 quod
207 981 270 1059 juri
293 1001 346 1042 suo
368 983 474 1043 cedere
487 994 645 1062 nequeant,
667 982 774 1055 cedere
797 983 917 1060 quidem
930 966 1072 1079 possunt!

103 1057 168 1136 juri
190 1061 389 1131 restitutionis
412 1062 604 1134 damnorum
631 1073 662 1123 et
674 1062 744 1133 huic
765 1072 925 1120 censentur
950 1060 1043 1141 cedem
1056 1042 1072 1119 i

107 1140 327 1201 consentiendo.
1049 1198 1052 1205 .

149 1217 192 1277 ΙΙ.
213 1219 247 1279 Si
261 1221 345 1301 virgo
364 1221 537 1292 consentiat,
562 1220 613 1280 red
627 1231 766 1298 parentes
777 1221 837 1278 siut
847 1219 935 1278 inriti
950 1219 996 1277 rel
1008 1222 1044 1279 in·

107 1295 177 1367 sciir
194 1307 267 1365 tunc
277 1298 383 1379 copule
395 1311 533 1360 mouente
544 1300 667 1372 occulte,
681 1302 788 1373 iterum
804 1299 841 1383 ad
851 1298 895 1357 nil
905 1297 1045 1383 obligatur
1064 1348 1072 1401 1

107 1385 154 1435 stu
176 1386 266 1443 rator.
1070 1414 1072 1419 ·

148 1396 267 1515 gicero
280 1458 386 1536 copula
399 1458 564 1525 innotescat
578 1455 648 1517 sciis
658 1459 841 1537 parantibus,
858 1466 983 1517 tenetur
992 1468 1045 1518 stu·
1070 1466 1072 1471 '

106 1544 211 1614 prator
229 1537 402 1615 parentibus
425 1556 479 1617 pro
497 1537 613 1633 injusto
637 1538 741 1598 dolore
765 1538 937 1609 satisfacere
960 1538 1045 1597 venia

105 1613 261 1692 petitione,
275 1616 396 1677 honoris
410 1617 603 1689 exhibitione,
627 1621 677 1676 &a

148 1693 180 1753 si
194 1705 330 1773 stuprum
343 1696 468 1775 ulterius
479 1696 658 1777 divulgetur,
671 1704 792 1769 tenetur
805 1696 926 1773 iusuper
936 1705 1046 1777 stupra·

107 1780 156 1833 tor
169 1775 383 1839 meliorimodo
392 1794 453 1857 quo
461 1785 571 1856 potest,
585 1775 736 1834 iufamium
748 1775 854 1835 tollere
864 1781 889 1833 8ι
898 1775 1046 1855 impedire

145 1852 237 1923 Note,
250 1864 390 1933 parantes
398 1856 512 1915 censeri
523 1855 644 1927 inritos,
659 1874 717 1914 uon
729 1855 823 1913 solum
838 1853 908 1912 dum
923 1855 1045 1932 positive

104 1932 256 2002 resistunt,
283 1933 336 1992 sed
349 1934 438 1992 etiam
453 1933 523 1992 dum
536 1934 607 1992 facti
627 1934 712 1992 inscii
727 1943 811 2002 ruut3
832 1932 889 1992 nisi
902 1934 984 1994 forte
997 1930 1047 1994 s'ci·

105 2019 191 2070 enter
200 2012 363 2089 periculum
374 2013 543 2091 proximum
557 2013 762 2085 committendi
776 2014 872 2090 stupri
885 2012 1046 2092 negligant,

29 2106 32 2112 ·
104 2106 133 2147 v.
143 2108 173 2169 g.
187 2089 256 2150 dum
268 2093 445 2168 permittunt
457 2090 633 2152 familiarem
647 2094 899 2152 conversationem
911 2092 980 2153 filius
990 2092 1045 2153 sue

104 2187 170 2228 curn
184 2170 334 2248 impudico
347 2170 543 2231 adolescente.
1068 2218 1072 2257 Ι.

142 2251 194 2308 An
208 2249 238 2308 in
249 2270 327 2321 casu,
341 2270 400 2332 quo
414 2261 553 2329 parentes
564 2251 651 2317 iuviti
666 2261 744 2322 sunt,
763 2260 883 2321 tenatur
896 2260 1046 2330 stuprator
1068 2260 1072 2281 ⁴

102 2326 140 2387 ad
153 2341 344 2409 augmentum
359 2328 448 2400 dotis,
475 2350 564 2412 quam
576 2340 714 2425 parentes
727 2350 805 2388 nuuc
818 2328 962 2407 majorem
977 2331 1042 2401 dare
1065 2318 1072 2395 i

101 2419 256 2486 coguntur,
270 2421 304 2468 ut
313 2409 375 2468 filia
388 2410 566 2469 couveniens
578 2421 659 2469 lueet
669 2410 915 2483 matrimonium?
986 2408 990 2415 ’
1060 2406 1072 2489 ζ

141 2488 261 2548 111.R.
284 2489 382 2553 Divisi
395 2499 464 2548 sunt
486 2490 657 2554 Authores:
678 2490 728 2570 qui
749 2489 905 2562 affirmant,
933 2489 1037 2561 dicunt,
1063 2508 1069 2518 ·

99 2585 160 2625 non
173 2566 266 2627 solam
278 2568 369 2627 filiam
387 2568 440 2646 jus
452 2567 571 2640 habere,
594 2579 629 2627 ut
642 2569 852 2627 convenienter
865 2567 968 2639 nubat,
988 2571 1034 2630 aad
1059 2560 1072 2659 ξ

100 2647 189 2705 etiam
203 2659 351 2726 parentes.
386 2648 446 2722 Qui
457 2659 577 2731 negant,
587 2647 840 2726 .dicuntpurentes
853 2648 915 2707 tale
924 2668 984 2707 nou
994 2649 1037 2728 jus
1058 2662 1072 2713 ,“

98 2723 218 2797 hebere,
232 2728 289 2787 uisi
303 2727 534 2806 dependentera
542 2727 612 2806 jure
626 2737 657 2786 et
670 2728 823 2787 voluntate
836 2727 914 2797 filisa,
929 2728 1037 2806 quae,ri
1058 2718 1072 2774 ἶ

96 2802 179 2877 velit,
205 2816 306 2883 potest
319 2806 383 2866 sine
404 2806 514 2886 injuria
533 2816 690 2886 parentum
703 2814 822 2865 manere
836 2807 969 2886 innupta,
996 2808 1037 2868 vel
1058 2796 1072 2833 ⁵

96 2882 208 2943 nubere
222 2885 433 2946 sibiinferiori.
979 2898 986 2915 ¹
1057 2876 1072 2914 ¹

137 2964 271 3023 Praetice
285 2965 323 3024 ob
337 2965 574 3045 probabilitatem
587 2965 742 3044 utriusque
755 2965 911 3025 sententie
924 2965 1036 3026 ridetur
1062 2938 1072 2993 Ι

96 3052 248 3121 stuprator
268 3043 394 3122 obligari
407 3045 445 3110 ad
459 3045 579 3124 aliquod
592 3055 783 3123 augmentum
798 3044 877 3103 dotis
892 3044 984 3124 juxta
996 3067 1037 3121 ar·
1061 3034 1072 3072 ¹

92 3121 219 3191 bitrium
233 3124 289 3182 viri
312 3124 476 3203 prudentis,
499 3124 629 3189 maxime
650 3125 675 3182 si
689 3124 850 3195 deflorator
863 3125 903 3199 sit
913 3125 997 3184 dives
1011 3136 1037 3184 et
1064 3102 1072 3151 ³

97 3213 236 3280 corrupta
248 3204 417 3282 pauperior,
430 3205 520 3282 idque
534 3215 617 3263 certo
631 3204 750 3281 exlege
764 3204 926 3274 charitatis
951 3206 977 3264 si
991 3205 1037 3281 iila
1064 3222 1067 3229 ·

27 3355 29 3358 Ι
98 3282 240 3341 deflorata
250 3281 288 3341 ob
299 3283 434 3345 amissam
448 3284 652 3363 virginitatem
661 3285 687 3341 a
696 3283 855 3351 carentiam
870 3283 949 3342 dotis
959 3286 999 3344 sit
1009 3286 1036 3343 in
1064 3272 1072 3311 ³

94 3360 270 3441 periculose
283 3363 499 3499 prostituendi:
510 3383 577 3422 cum
589 3363 666 3422 enim
676 3372 828 3441 stuprator
838 3382 982 3439 concausa
991 3367 1036 3434 sit,
1065 3352 1072 3391 ³

93 3451 214 3502 teuetur
226 3442 263 3500 ad
277 3442 287 3498 i
299 3440 328 3500 la
337 3443 414 3501 mala
426 3442 635 3521 praecavenda:
651 3442 731 3521 quod
750 3442 1038 3519 confessariiotten-
1065 3432 1072 3469 ¹

94 3521 165 3580 dere
180 3518 297 3593 debent,
321 3531 355 3580 ut
367 3533 468 3582 monet
483 3522 637 3603 Wiggers,
660 3543 715 3582 nec
735 3520 822 3581 aliter
849 3533 1038 3601 corruptores
1067 3590 1072 3607 Ι

93 3598 180 3661 facile
194 3599 388 3673 absolvendos
402 3622 476 3677 ease,
487 3602 571 3664 aiunt
584 3601 621 3673 (ie
632 3602 726 3685 cocq.
739 3602 958 3679 &Braunmam
1068 3620 1071 3683 j
