2160 4034
275 197 319 239 nr
339 192 578 239 corraacrraus
591 194 627 238 ru
647 195 764 239 senem.
942 184 998 244 861

49 318 123 379 sper
141 299 220 360 lucri
243 302 295 361 aut
314 300 479 381 periculum
504 300 613 375 damni,
634 321 699 381 qnae
722 302 845 363 attentis
868 305 1003 367 omnibus

49 379 211 440 moraliter
222 390 293 440 runt
307 380 530 441 consideranda.

92 460 233 535 Quarta:
255 460 370 519 Passim
394 460 546 521 Authores
569 460 733 542 requirnnt,
753 470 788 520 nt
801 465 1002 543 compensatio

49 536 131 597 lucri
145 538 288 599 cessantis
301 558 360 599 non
385 541 434 598 exi
456 549 524 598 atur
536 540 637 598 statim
652 540 722 599 dato
742 551 845 600 mutuo
860 563 868 601 z
909 543 958 602 u‘a
971 544 1001 603 iu

49 619 205 678 mutuanti
219 619 385 677 lateratim
400 559 563 678 reddantur
576 638 630 696 pro
643 618 726 678 lucro
737 622 869 680 cessante
882 562 929 693 lqO,
942 643 1002 682 non

49 697 205 757 mutuavit
217 700 281 768 1⁰0,
296 697 348 757 sed
362 696 478 757 tantum
493 700 551 757 90:
566 698 644 758 unde
652 699 841 777 postmodum
852 701 1001 780 exigendo

49 776 115 835 loo
129 776 329 836 committeret
343 776 529 856 injustitiam.

94 856 231 931 Quinta:
243 865 278 915 ut
287 865 506 935 praemoneatur
516 857 720 929 mutuatarius,
730 858 890 937 reupotiils
900 857 937 919 ab
947 860 1003 919 ini·

49 932 99 995 tio
108 946 228 1014 pactum
242 936 405 996 ineaturde
420 934 566 1014 ejusmodi
583 936 690 995 damno
709 945 760 995 aut
772 936 855 998 lucro
869 951 1002 1000 cessante

49 1014 292 1093 compensando;
312 1015 442 1095 alioquin
456 1014 494 1074 ad
506 1014 549 1074 nil
562 1014 714 1075 tenebitur
726 1019 933 1091 mutuatarius,
947 1018 1004 1078 sal·

49 1102 117 1154 tem
131 1115 172 1154 ex
186 1093 315 1173 justitia.
907 1144 910 1149 .

93 1174 189 1234 Ratio
204 1183 258 1244 est,
285 1183 469 1233 contractum
482 1173 579 1232 mutui
603 1192 668 1232 esse
681 1174 854 1251 gratuitum,
876 1178 1003 1256 excepta

52 1250 239 1332 obligatione
246 1252 392 1313 reddendi
402 1252 661 1332 sortem,adeoque
672 1252 771 1312 omnia
780 1254 811 1312 in
820 1274 856 1314 eo
864 1268 1004 1316 contenta

53 1344 216 1392 censentur
228 1333 368 1411 gratuita,
382 1333 497 1392 secluso
515 1343 602 1410 pacto
613 1333 642 1390 in
654 1332 843 1392 contrarium.
884 1335 1002 1396 Deinde

53 1413 254 1471 mutuatarius
280 1412 359 1471 forte
386 1411 531 1470 noluisset
557 1411 691 1489 accipere
712 1423 846 1471 mutuum
871 1414 925 1472 sub
948 1416 1002 1474 tali

54 1508 158 1563 onere,
172 1490 222 1551 rel
234 1492 313 1550 forte
326 1492 474 1570 potuisset
487 1489 524 1549 ab
538 1490 596 1550 alio
611 1491 744 1569 accipere
758 1493 822 1552 sine
836 1493 889 1552 tali
903 1514 1003 1554 onere.

56 1568 218 1631 Postremo
229 1571 408 1629 mutuatario
421 1569 549 1648 relinqui
574 1568 663 1629 debet
685 1569 808 1630 libertas
822 1572 852 1629 in
866 1592 899 1631 se
912 1575 1004 1633 susci·

76 1648 160 1708 'endi
175 1668 248 1710 onus
270 1660 322 1709 ant
347 1649 521 1730 pericnlum,
546 1669 574 1708 r.
586 1668 617 1729 g.
630 1648 768 1727 ponendo
795 1650 1003 1731 hypothecam,

77 1726 97 1788 d
119 1727 275 1800 'usrorena
289 1730 341 1788 &a

128 1808 389 1887 rcipetamen10.
411 1808 444 1868 Si
456 1807 663 1879 mutuatarius,
687 1807 738 1886 qui
760 1817 806 1867 est
820 1808 867 1867 vir
889 1828 1004 1889 magnae

57 1887 250 1947 authoritatis
277 1888 326 1946 rel
350 1887 495 1966 princes,
529 1897 617 1966 cogat
642 1896 843 1947 mutuatorem
866 1900 1002 1949 mutuum

58 1964 151 2037 dare3
170 1976 242 2026 tnnc
255 1966 333 2026 enim
348 1906 482 2044 cogendo
496 1978 575 2027 esset
589 1984 677 2025 causa
686 1966 847 2061 damniper
857 1966 1006 2047 injuriam,

58 2065 125 2129 qum
136 2046 255 2125 supplet
264 2056 399 2124 pactum:
420 2048 468 2104 2⁰.
490 2045 522 2105 si
533 2045 729 2104 mutuatarius
743 2046 782 2106 sit
795 2066 825 2104 ru
848 2066 933 2106 mora
945 2049 1005 2109 cul·

55 2123 151 2263 pabili
161 2125 305 2186 reddendi
316 2135 446 2195 sortem3
460 2124 511 2183 illa
521 2125 600 2184 euim
614 2145 699 2185 mora
708 2125 862 2205 culpabilia
870 2138 1006 2187 censetur

77 2204 171 2264 abere
184 2205 243 2263 rim
254 2205 423 2264 contractus
437 2203 530 2274 taciti,
555 2223 594 2262 ex
609 2224 668 2283 quo
681 2207 879 2265 mutuatarius
893 2206 1006 2286 obliga-

55 2292 110 2343 tur
123 2282 161 2342 de
176 2286 257 2343 omni
280 2295 389 2343 eventu
411 2283 479 2344 inde
503 2293 614 2355 secuto,
637 2294 672 2342 ut
695 2283 846 2362 colligitur
860 2304 899 2344 ex
911 2284 964 2345 lib'.
977 2289 1006 2346 4.

57 2362 267 2442 digestam,
280 2366 360 2443 quod
370 2373 442 2422 cetto
455 2362 521 2421 hoo.
757 2419 762 2425 .

100 2443 209 2502 Potest
219 2453 318 2502 autern
333 2441 405 2501 illud
416 2453 533 2520 pactum
545 2440 582 2500 de
593 2440 701 2499 damno
711 2452 763 2500 aut
771 2440 855 2501 lucro
869 2462 1007 2522 compen·

58 2521 155 2583 tando
177 2522 246 2581 iniri
270 2522 446 2600 dupliciter:
471 2523 516 2579 10.
535 2519 590 2578 Nil
603 2520 678 2579 certi
698 2520 934 2592 determinando,
955 2523 1007 2582 red
1035 2536 1039 2540 '

58 2603 112 2673 sic,
126 2612 162 2661 ut
174 2602 372 2661 mutuatarius
386 2610 523 2660 tencatur
531 2618 721 2678 compensare
732 2609 1006 2680 tantum,quantum

59 2681 199 2749 eveniet;
217 2687 244 2740 tr
257 2681 282 2739 si
296 2681 407 2738 nullum
419 2679 545 2747 eveniat,
560 2679 596 2737 ad
610 2680 651 2737 nil
666 2690 811 2738 teneatur.

100 2763 150 2819 2⁰.
172 2760 246 2820 Iniri
260 2770 360 2839 potest
374 2760 424 2831 sic,
447 2769 482 2818 ut
496 2757 710 2818 determinetur
724 2758 836 2837 aliquid
850 2768 964 2819 certum
978 2770 1009 2820 et

56 2840 246 2900 moderatum
270 2839 444 2898 solvendum
468 2840 486 2898 a
508 2837 688 2896 mutuatario
711 2857 766 2916 pro
789 2837 896 2896 damno
915 2857 1036 2919 emer-¹

59 2928 154 2998 gente
167 2930 219 2978 aut
232 2918 314 2977 lucro
329 2928 461 2977 cessante
476 2918 607 2976 incerto:
628 2926 659 2976 et
670 2917 725 2975 hoc
739 2918 828 2976 etiam
842 2916 925 2996 justit
943 2918 1010 2979 fieri

82 3007 172 3069 otest,
192 2997 280 3057 modo
294 2998 464 3056 attendatur
487 2995 616 3055 valeret
638 2996 795 3056 estimatio
812 2996 933 3057 moralis
947 2999 1012 3078 spei

57 3018 140 3136 lucri
153 3086 185 3136 et
196 3077 320 3156 periculi
332 3076 441 3135 damni.

102 3156 237 3219 ,loannes
263 3165 380 3215 mutuat
409 3156 500 3215 Petro
526 3152 616 3223 mille,
638 3173 711 3234 quoe
739 3152 866 3215 habebat
890 3156 1011 3227 otiosos,

60 3254 118 3296 nec
142 3235 343 3294 destinaverat
366 3234 404 3294 ad
428 3235 550 3304 lucrum,
572 3233 630 3292 uisi
652 3232 731 3324 dudd
755 3234 785 3292 in
809 3235 873 3313 ipsa
894 3250 1011 3292 mutua·

61 3315 147 3374 tione
161 3317 274 3393 cogitet
288 3316 325 3375 de
338 3313 421 3373 lucro
435 3312 587 3373 faciendo:
607 3332 644 3371 an
663 3313 746 3391 Juste
769 3323 871 3393 potest
891 3312 995 3392 exigar

64 3394 255 3454 auctarium?
987 3426 991 3432 ·

105 3473 147 3535 V.
162 3474 201 3533 R.
221 3472 388 3551 Negative:
409 3472 478 3552 quia
501 3471 643 3550 cogitatio
667 3471 705 3531 de
718 3471 801 3530 lucro
825 3469 867 3529 sic
879 3470 1039 3535 faciendo¹

64 3572 126 3614 non
141 3563 188 3612 est
202 3551 258 3610 nisi
282 3554 312 3610 in
325 3551 470 3621 fraudem,
491 3553 554 3610 sive
568 3560 613 3609 est
627 3550 769 3629 cogitatio
790 3549 827 3608 de
841 3550 924 3610 lucro
942 3552 999 3611 imr

86 3632 183 3692 inario
208 3642 239 3691 et
262 3650 344 3690 mere
368 3630 519 3710 possibili3
539 3629 673 3712 adeoque
688 3629 788 3690 deficit
808 3629 935 3692 secunda
947 3644 999 3693 aot

64 3652 142 3774 licio
157 3730 247 3791 supra
260 3710 414 3791 requisita.
