2182 4036
117 259 397 347 lnfsrssmfortion
405 272 589 334 restitutioni
599 272 914 353 obnoxiosmqnin
995 256 1011 316 1

78 360 105 418 dr
119 356 176 416 alia
189 355 321 436 gratuito
334 353 424 413 titulo
437 353 587 433 accipiunt
600 352 638 413 ab
657 352 726 424 illis,
747 372 823 448 qnos
835 353 950 414 rident'

76 432 974 591 ilttltlitiiit'liii{latiatiltiffl
1003 457 1010 471 ’

77 604 97 636 “
111 595 266 656 donatario
283 601 469 671 perspectum
489 554 538 661 sit,
560 592 636 652 bons
650 592 707 650 sibi
721 591 832 651 donata
844 594 865 652 d
876 593 957 673 quop'

78 683 97 714 “
111 676 314 743 aduentant
327 670 491 730 creditores
503 672 693 742 frustrentur,
701 691 762 730 non
775 680 897 731 tenatur
961 671 968 687 '

80 764 99 794 “
113 774 174 829 are,
184 752 241 810 uisi
253 769 317 811 eam
327 751 518 809 donatiouem
526 752 653 810 suaserit
663 750 712 810 rel
722 750 760 810 ad
770 769 836 809 eam
847 750 994 812 induxerit

119 832 235 909 Excipe
253 850 319 908 quae
333 829 451 889 debitor
474 830 526 888 dat
540 830 628 889 uxori
642 832 669 889 8r
681 830 784 889 liberis
808 830 971 891 receneris

80 923 191 972 statum
199 911 282 989 juste
296 908 472 989 acquisitum
486 909 612 968 honeste
625 909 870 970 conservandum.

115 992 192 1051 Item
210 991 291 1050 licite
315 990 426 1050 retinet
439 989 621 1059 donatarius,
645 990 670 1046 si
683 988 870 1048 tantumdem
895 989 949 1049 red

79 1067 817 1141 donatori,itnutexdonononminuaturfacultas
826 1069 917 1129 satisf
948 1071 955 1083 '

80 1149 287 1210 creditoribus.

119 1230 171 1288 An
185 1229 286 1289 debita
298 1248 338 1289 ex
351 1225 461 1285 delicto
482 1226 667 1305 preferenda
690 1236 760 1286 suut
781 1225 894 1288 dabitis
908 1247 947 1288 ex
957 1228 1011 1290 curi

79 1319 176 1370 tractu
191 1327 336 1369 oneroso:
356 1324 393 1363 au
404 1310 532 1367 contra?

85 1438 89 1446 .
122 1387 216 1447 XIII.
237 1388 276 1446 11.
290 1385 376 1447 Varii
384 1386 467 1443 varie
477 1385 629 1445 sentinata
643 1383 825 1463 probabilior
832 1386 1012 1457 videtursu

80 1467 176 1527 tentia
198 1465 303 1546 Sylvii,
331 1462 486 1531 Daelman,
511 1465 618 1535 collat,
641 1466 693 1524 &a
714 1484 779 1543 quar
792 1467 902 1525 asserit
914 1466 1012 1527 nullus

81 1566 146 1606 esse
160 1545 294 1606 ordinem
303 1545 382 1602 iuter
392 1541 443 1602 illa
451 1543 569 1614 debita,
582 1545 652 1622 quia
660 1544 711 1622 jus
718 1546 880 1625 positivum
891 1547 969 1605 iuter
977 1545 1012 1606 itt

80 1626 182 1686 debita
194 1624 299 1685 nullibi
313 1623 546 1699 distingueres
559 1643 650 1683 unum
659 1622 791 1684 debitum
804 1645 845 1684 ex
855 1637 964 1686 natura
975 1642 1012 1686 su

81 1706 211 1767 strictids
223 1705 299 1783 ligat
308 1722 399 1782 quam
410 1701 502 1762 aliud.

121 1785 172 1844 An
183 1784 284 1844 debita
298 1794 379 1842 certa
392 1783 475 1856 priris
488 1782 630 1844 solvenda
642 1792 712 1843 suut
726 1804 814 1864 quam
828 1785 968 1847 incerta?

123 1864 214 1925 XIV.
234 1863 272 1922 11.
294 1862 416 1920 Plenior
440 1861 548 1920 iterum
574 1863 730 1941 veriorque
744 1865 863 1924 ridetur
877 1864 1012 1925 senteutit

82 1942 246 2011 Daelmau3
259 1940 381 2010 scilieet,
405 1938 518 1998 nullum
533 1961 597 2001 esse
612 1942 745 2004 ordinem
761 1945 839 2002 inter
852 1944 905 2003 illa
918 1942 1012 2012 debita,

81 2020 188 2101 quovis
198 2020 286 2080 modo
297 2019 487 2096 accipiantur,
496 2022 575 2080 uude
589 2022 731 2094 debitum,
743 2023 780 2082 ds
794 2043 853 2102 quo
862 2025 945 2083 certd
959 2042 1012 2083 cau

81 2111 151 2170 stat,
172 2100 224 2160 sed
235 2100 318 2178 cujus
332 2098 469 2158 dominus
483 2100 647 2178 ignoratur,
667 2102 821 2181 aequaliter
832 2122 899 2162 cum
914 2102 1012 2166 ceteri

80 2179 189 2239 debitis
203 2179 278 2239 solvi
292 2177 391 2248 debet,
413 2180 610 2259 expendendo
629 2181 703 2242 illud
716 2183 746 2240 iu
760 2183 824 2262 pias
838 2202 951 2244 cauam.

81 2270 182 2319 autem
192 2259 337 2319 incertum
348 2258 397 2329 sit,
412 2278 447 2317 au
460 2259 619 2338 quidquam
632 2260 872 2324 debeaturcertae
881 2282 1012 2342 persona

79 2348 152 2398 tuuc
165 2357 220 2416 pru
233 2348 299 2398 rata
311 2336 393 2398 dubii
414 2339 530 2398 solvere
543 2350 671 2418 oportet.

122 2417 261 2479 Sitamen
271 2438 339 2497 spes
349 2427 437 2488 esset,
448 2418 513 2477 fore
523 2429 557 2477 ut
570 2419 728 2498 aliquando
738 2421 843 2480 redeat
852 2421 1012 2482 meliorfor

79 2507 153 2559 tana
163 2496 302 2568 debitori,
316 2504 342 2558 dr
356 2498 443 2556 simul
457 2509 491 2556 ut
505 2497 642 2559 dominns
651 2500 781 2559 incertus
791 2510 897 2580 postea
911 2521 1012 2582 comps

80 2588 156 2649 reat,
169 2588 240 2638 tuuc
253 2587 354 2656 posset
368 2575 499 2636 debitum
514 2577 593 2636 iliius
603 2581 751 2656 postponi.

121 2659 172 2716 An
183 2658 314 2718 creditor
327 2675 439 2735 pauper
458 2657 659 2734 preferendus
672 2670 719 2718 est
732 2659 842 2720 diviti?

122 2736 195 2798 XV.
209 2737 248 2795 11.
261 2736 430 2814 Negative3
443 2737 513 2813 quia
518 2735 637 2814 justitia
647 2740 859 2798 commutatira
868 2757 1012 2818 personan

80 2832 139 2874 unu
151 2815 283 2893 respicit,
297 2815 350 2874 sed
363 2816 561 2897 equalitatem
576 2817 620 2874 rei
634 2816 672 2876 ad
685 2837 758 2877 rem.
799 2818 893 2877 Aliud
901 2819 1012 2892 forata

81 2891 213 2954 creditor
253 2913 346 2971 anper
365 2905 444 2954 esset
457 2894 487 2954 iu
502 2895 555 2954 tali
568 2897 754 2968 necessitate,
768 2908 803 2957 ut
816 2898 946 2958 charitas
959 2916 1013 2961 eun

80 2914 297 3054 praeferendum
312 2973 447 3033 dictaret

88 3131 129 3193 N.
142 3133 190 3191 64.
230 3130 291 3192 DE
304 3131 452 3194 JUSTIS
467 3133 621 3194 CAUSIS
641 3135 917 3197 DIFFERENDI
933 3135 1013 3197 Rus

406 3211 699 3274 TITUTIONEM.

182 3328 208 3390 1.
231 3329 335 3392 Causae
346 3330 499 3411 dffereudi
510 3335 708 3395 restitutionem
720 3314 928 3415 sunttrrplices.

122 3429 353 3494 Proeuotaudum
378 3432 424 3489 10.
452 3430 506 3491 sub
529 3433 720 3495 restitutione
742 3437 790 3496 hlo
816 3435 1013 3516 comprehand

83 3507 270 3579 solutionem,
285 3512 555 3586 compensatiouem
570 3513 669 3573 damni
682 3521 708 3575 dl
721 3515 794 3576 alias
802 3517 1013 3579 satisfactiones

121 3589 169 3648 2⁰.
184 3589 294 3650 Causas
303 3601 478 3650 excusantes
488 3591 664 3672 quaudoque
675 3594 774 3655 valere
783 3615 838 3674 pro
849 3606 925 3669 toto,
937 3615 1013 3676 quau

81 3665 179 3745 doque
189 3686 247 3749 pro
259 3678 346 3747 parte
359 3670 558 3732 restitutionis
568 3674 695 3745 tantum,
708 3675 886 3756 quaudoque
901 3697 957 3756 pro
967 3695 1013 3738 mo

68 3743 138 3806 dico
151 3755 300 3828 tempore,
314 3748 497 3835 quandoque
510 3771 568 3834 pro
579 3751 727 3834 longiori.
