2182 4036
366 179 410 221 nn
429 176 511 221 sonu
530 177 573 219 nr
592 176 746 221 rusrrrrs.
961 163 1032 221 ·lt5

51 290 76 347 'r'
114 280 180 344 111.
202 280 245 343 Et
258 279 379 363 quidem
396 289 549 359 peccatum
561 280 686 341 veniale
698 289 799 359 potest
819 299 884 340 esse
904 283 1030 344 materie
1048 304 1051 312 ·

127 363 188 434 vis,
209 361 328 440 quondo
344 380 451 438 nempe
467 368 627 438 reputetur
639 361 773 439 graviter
785 361 971 438 probrosum,
992 374 1027 422 ιιι

51 380 180 585 Eris
194 440 308 503 diceret
320 439 496 501 Pontificem
510 438 555 500 ve}
567 438 749 518 Episcopum
763 460 828 501 esse
842 440 1023 514 mendacem,

140 520 253 581 bebere
265 519 429 580 mentiendi
442 519 695 580 consuetudinem.

89 648 94 661 .
111 600 172 662 lv.
191 599 309 659 Eodem
321 599 410 659 modo
424 607 577 676 p'eocetum
590 598 707 657 tuntum
720 599 883 671 materiale,
905 600 1023 679 quando

106 688 214 739 nnotet
235 678 385 739 defectum
405 678 534 758 aliquem
559 679 693 756 graviter
713 678 904 756 probrosum,
921 689 1023 758 potest

150 759 277 819 muteris
289 760 407 836 grecis:
427 768 459 817 et
471 758 515 816 ita
527 757 660 835 graviter
674 757 855 828 detraheret,
877 759 927 837 qui
943 759 1021 818 dice·

121 836 168 899 'ds
181 836 244 897 fiiis
255 837 391 908 honeste,
411 835 491 918 quod
504 836 667 895 violentum
681 837 802 897 omnino
825 848 961 917 stuprum
980 841 1019 898 sit

218 939 227 987 ς
246 916 317 998 quie
329 917 386 976 hoc
399 916 478 976 fecto
491 915 587 976 multd
602 916 691 975 vilior
704 915 839 976 hebetur.

51 1008 53 1013 '
89 1038 104 1073 ·-:
140 997 239 1057 nendo
252 1006 353 1057 sutem
366 1005 519 1075 peccatum
530 1016 591 1055 non
605 994 731 1055 hebetur
750 1006 784 1055 ιιι
802 997 935 1075 graviter
949 1017 1016 1076 pro-

189 1084 288 1148 ,tnno,
302 1076 418 1136 etiamsi
429 1076 468 1134 sit
477 1076 612 1146 mortale,
627 1075 797 1135 esttentdm
805 1077 931 1136 materia
941 1077 1015 1137 levis

90 1238 94 1243 Ι
159 1156 271 1295 ἦἑοιιιίιι,
285 1175 314 1294 ἱ
324 1175 356 1250 g.
370 1156 395 1216 si
409 1155 475 1237 quis
488 1155 526 1215 de
539 1154 656 1234 plebeio
670 1156 701 1213 in
714 1156 770 1215 hoc
782 1157 879 1234 patria
893 1155 1015 1229 diceret,

195 1254 240 1295 err
268 1255 285 1294 e
307 1254 378 1295 rius.

89 1312 191 1389 ridete
206 1314 256 1375 hic
275 1325 379 1375 contre
398 1312 541 1392 quosdam
560 1313 696 1373 rudiores
716 1312 760 1373 nil
780 1333 931 1386 excusare,
951 1315 1016 1376 sire

228 1393 1015 1474 sitverecommissum,utqnedefectusrercsubsistet,

105 1482 110 1489 '
141 1482 221 1533 nou'r
239 1474 311 1534 licet
324 1474 404 1534 euim
417 1473 532 1532 dicotur
551 1491 665 1544 verum,
685 1473 781 1533 adhuc
797 1474 876 1533 semu
889 1476 1013 1536 alterius

121 1552 183 1613 'tur
195 1552 315 1634 injuste,
330 1552 471 1632 quamdiu
484 1552 632 1612 occultum
646 1562 701 1623 est,
719 1552 799 1631 qnod
812 1554 972 1615 reveletur.

51 1644 79 1685 ’κ
101 1630 145 1693 Rt
157 1632 216 1693 hec
227 1632 303 1692 ndco
317 1652 421 1691 rerum
435 1642 489 1703 est,
503 1642 538 1690 ut
550 1632 590 1691 sit
603 1651 679 1710 pure
693 1631 847 1703 detractio,
863 1633 934 1692 dum
947 1634 1012 1696 sino

68 1772 72 1777 ,
168 1710 322 1771 revelatur
338 1711 461 1771 ulterius
479 1711 590 1769 crimen
612 1711 768 1781 occultum,
786 1711 855 1771 licor
875 1712 951 1772 ulter
972 1715 1011 1773 ob

148 1791 262 1850 etinten
276 1791 449 1849 incurrisset
463 1790 614 1849 infsmism
623 1789 720 1869 juris:
740 1790 808 1849 talis
822 1792 900 1850 enim
914 1792 1011 1852 adhuc

56 1867 221 2009 ⁸¹irritet,
234 1875 342 1929 ut³non
354 1877 511 1948 reputetur
523 1868 622 1946 pelam
635 1868 739 1942 melus,
759 1871 811 1949 qui
823 1871 899 1930 nihil
912 1871 1011 1950 pulum

122 1948 130 1963 ⁹
165 1948 249 2009 essit.

87 1968 231 2103 ΙΩιιῗιιιιιι
242 2026 378 2087 defectus
391 2025 530 2086 dicuntur
543 2044 609 2085 esse
621 2027 748 2086 materia
761 2027 977 2092 detractionis?

99 2106 144 2168 V.'
157 2108 200 2169 R
221 2107 410 2186 Quicumque
436 2105 570 2166 defectus
596 2106 705 2166 occulti
731 2107 876 2184 probrosi,
905 2111 1009 2189 quales

68 2195 129 2245 tunt
141 2186 277 2247 defectus
287 2187 446 2256 natalium
464 2186 546 2267 qnod
555 2185 622 2268 quis
631 2186 671 2244 sit
681 2185 864 2264 illegitimus,
878 2191 1008 2268 spurius,

67 2265 138 2357 qnod
150 2265 261 2327 huben
272 2276 374 2326 notam
388 2265 517 2326 infamior
534 2265 566 2324 in
585 2264 708 2337 nmilia,
728 2267 809 2346 quod
822 2271 1006 2349 propinquus

66 2362 123 2423 qu
135 2346 177 2405 sit
188 2366 218 2405 v.
231 2365 262 2424 g.
274 2364 442 2424 suspensus.

94 2424 182 2487 Inter
193 2424 328 2485 defectm
341 2426 389 2483 hic
401 2424 492 2484 etism
505 2423 689 2502 compntnbis
702 2425 925 2498 revelationem,
946 2431 1006 2508 qud

65 2502 123 2583 quis
135 2504 247 2565 dicitur
259 2525 360 2564 cerere
374 2503 453 2564 bouis
465 2503 617 2583 quelitete,
634 2523 664 2563 r.
676 2524 707 2582 g.
721 2503 862 2564 dicendo:
882 2526 944 2564 non
957 2520 1004 2568 est

65 2592 117 2643 nn
129 2583 208 2663 pius,
220 2604 280 2645 non
295 2594 341 2644 est
352 2594 415 2643 tom
425 2583 540 2653 doctus,
553 2593 615 2642 tum
629 2584 790 2655 modestus,
805 2587 855 2642 &c
868 2585 927 2643 imo
937 2586 1003 2665 ipsa

64 2662 245 2725 hdtmitus
263 2663 301 2722 de
320 2663 420 2745 aliquo
441 2663 619 2744 quandoque
631 2663 773 2742 importet
787 2662 946 2737 defectum,
967 2677 1002 2727 ut

64 2742 206 2803 ridebitur
220 2743 306 2802 infra.
838 2813 839 2816 Ἴ

95 2822 150 2884 Vl.
171 2822 303 2883 Nomine
315 2821 467 2901 generalis
475 2823 618 2884 vitiorum
631 2821 722 2881 etiam
736 2831 805 2881 sunt
814 2825 940 2884 materie
949 2826 1001 2886 de-

63 2903 217 2974 tractionis,
238 2923 266 2961 v.
280 2923 310 2981 g.
324 2901 462 2965 dicendo:
484 2912 530 2962 est
544 2921 660 2973 evenus,
679 2900 864 2975 libidinosus,
885 2905 1001 2965 iracun-

63 2979 118 3054 dos,
130 2983 286 3061 superbus,
300 2984 352 3041 &c
360 2981 450 3041 debet
458 2992 559 3041 tamen
567 2982 711 3058 distingui
720 2982 896 3060 significatio
904 2987 999 3047 vocis:

62 3061 121 3140 quin
130 3062 308 3145 qnnndoquc
317 3081 426 3121 nomen
439 3063 578 3140 generale
591 3061 707 3120 mutum
721 3063 848 3122 sumitur
861 3084 915 3142 pro
929 3087 998 3144 pro·

61 3143 194 3218 pensione
206 3141 245 3202 ed
253 3151 351 3200 actum
363 3141 426 3202 sine
434 3152 511 3214 ectu,
526 3152 557 3202 et
567 3141 624 3200 hoc
631 3160 689 3200 non
700 3150 746 3201 est
755 3143 799 3201 ita
810 3145 997 3221 probrosum,

60 3236 83 3278 r.
92 3241 121 3300 g.
140 3221 259 3281 dicere:
279 3231 325 3281 est
344 3222 511 3294 iracundus,
535 3221 588 3281 sed
610 3222 686 3279 irem
707 3223 889 3283 moderetur.
930 3226 997 3283 Aii-

59 3300 167 3379 qundo
191 3321 298 3361 nomen
322 3301 462 3380 generale
482 3302 624 3379 importat
645 3301 692 3360 fre
712 3304 844 3361 uentiem
867 3312 995 3376 actuum,

58 3380 239 3458 qoodmngis
252 3380 429 3459 probrosum
443 3390 498 3452 est,
512 3401 540 3439 v.
550 3401 580 3458 g.
593 3389 613 3419 ⁴‘
623 3390 670 3440 est
682 3381 705 3440 li
724 3382 882 3441 idinosus”

89 3460 163 3523 Vll.
185 3461 294 3520 Greris
307 3481 386 3539 sepe
399 3462 524 3521 materie
538 3461 729 3520 detractionis
748 3473 795 3522 cst
808 3461 838 3519 in
852 3460 898 3520 his
912 3471 944 3521 et
957 3465 996 3521 si·

55 3537 168 3600 milibus
180 3540 295 3609 modim
314 3549 333 3579 ‘⁴
344 3542 376 3601 Si
387 3540 495 3600 vellem
505 3539 604 3600 dicere
614 3560 680 3619 quse
689 3541 760 3611 snio,
773 3541 870 3618 ipsum
880 3540 996 3620 pudore

54 3626 70 3656 “
82 3620 237 3681 efficerem.
276 3619 360 3680 Nori
382 3620 503 3702 aliquid,
521 3620 602 3701 quod
614 3640 703 3681 nemo
718 3620 755 3679 de
767 3619 820 3679 illo
834 3621 1000 3702 susoicere-

52 3705 68 3737 “
81 3706 136 3761 tur.
173 3699 274 3763 Multa
299 3700 370 3776 scio,
394 3701 449 3765 sed
477 3710 579 3766 tacere
603 3700 697 3788 jubet
722 3700 877 3765 circuitus?
920 3701 1023 3765 udis

486 3800 510 3844 r
531 3787 552 3847 3
