2160 4034
80 159 140 218 266
461 148 647 216 rnacrsrus

81 279 160 340 unde
173 276 237 357 ejus
252 296 355 336 sensus
368 277 410 335 sic
424 278 603 356 exponitur:
623 287 707 338 ectus
727 285 873 337 externus
889 276 1018 336 inducens

81 363 234 437 reciproce
248 356 459 435 obligationem
468 356 596 435 justitiae
611 378 649 417 ex
663 376 808 417 consensu
817 357 959 434 partium.

122 440 299 499 Contractus
313 435 493 514 generaliter
502 449 637 516 sumptus
646 436 786 496 coincidit
799 455 866 494 cum
889 444 909 473 ‘⁴
919 437 1021 514 pecto,”

81 517 134 578 sed
148 537 206 575 non
221 524 391 575 contractus
410 515 512 575 stricte
525 517 681 596 amptius
702 516 770 575 birrc
783 525 955 575 contractus
967 535 1026 593 gra·

81 597 198 657 tuiti&
220 597 280 666 alii,
301 615 341 653 ex
362 592 469 672 quibus
492 596 522 654 in
544 615 602 654 una
615 595 772 655 dumtaxat
792 604 879 672 parte
904 598 1025 654 nascitur

79 676 233 754 obligatio,
253 685 339 752 pacta
352 673 462 750 potiris,
483 694 571 752 qnam
592 685 760 735 contractus
782 674 888 732 stricte
903 675 975 734 dicti
987 694 1027 733 re·

79 757 177 836 putari
191 753 310 814 debent.
352 752 539 831 Quandoque
553 763 651 813 tamen
666 752 902 814 confunduntur.

121 833 203 908 Quid
216 844 263 893 cst
276 831 444 909 obligatio?

10 968 22 979 ..
121 915 163 975 ll.
186 915 223 975 R.
245 913 301 972 Est
315 910 464 969 vinculum
473 911 561 990 juris,
588 933 647 992 quo
662 933 736 971 unus
751 911 836 972 elteri
851 911 1024 989 astringitur

80 995 117 1054 ad
139 992 251 1071 aliquid
274 990 440 1050 faciendum
464 991 512 1051 rel
536 992 744 1050 omittendum.
785 992 834 1051 De
855 993 912 1051 bec
925 1002 1024 1070 agetur

80 1073 166 1144 inira,
187 1071 238 1130 ubi
259 1071 326 1130 “de
341 1069 494 1130 effectibus
510 1071 739 1131 contractuum’'
760 1072 853 1131 Num.
870 1074 916 1130 ll.

120 1153 170 1212 Ex
184 1151 271 1209 dictis
284 1149 382 1209 notari
396 1159 504 1227 potest,
525 1150 605 1231 quod
618 1168 777 1209 consensus
792 1153 832 1209 sit
845 1150 930 1210 velut
944 1169 1023 1211 causa

81 1232 209 1370 εβὶοίἕης
223 1236 249 1289 81
261 1230 358 1289 forma
371 1229 552 1314 contractus,
562 1235 589 1288 δι
603 1229 746 1307 obligatio
761 1231 800 1289 sit
812 1231 896 1309 quasi
907 1229 1024 1292 effectus

80 1331 145 1370 eus
167 1330 223 1369 em.
441 1369 444 1373 ,

95 1331 108 1389 J
120 1391 203 1465 Quot
216 1387 312 1447 modis
325 1395 494 1457 contrectas
506 1385 584 1446 solet
596 1386 700 1466 perlici
713 1389 727 1447 i

120 1470 179 1529 ΙΙΙ.
200 1470 239 1528 R.
261 1465 449 1527 Generaliter
462 1477 591 1548 quatuor
603 1467 710 1538 modis,
731 1467 844 1527 scilicet
857 1486 901 1538 rc,
922 1465 1014 1540 uerbis,

79 1548 262 1626 scripturis&
275 1564 429 1605 consensu.

120 1628 176 1689 lv.
195 1626 317 1687 Dicitur
330 1634 499 1685 contractus
512 1625 614 1702 perfici
633 1626 723 1696 “re”
741 1628 863 1708 qucudo
881 1625 1013 1704 adipson

98 1707 165 1769 leue
187 1705 398 1786 perficiendum
412 1705 576 1783 requiritur
588 1704 711 1765 nuditlo
724 1706 818 1785 ipsius
830 1705 888 1778 rei,
908 1722 937 1766 v.
949 1725 978 1784 g.
992 1707 1014 1767 ‘u

76 1727 247 1854 donodono,
261 1796 376 1856 mutuo,
386 1784 533 1863 deposito,
547 1784 744 1856 commodato,
765 1787 818 1845 &c

118 1867 157 1927 V.
177 1864 415 1942 Diciturperbei
434 1864 589 1936 “verbio’'
608 1865 680 1925 dum
698 1884 753 1942 pro
773 1865 826 1925 illo
845 1863 1011 1943 perficiendo

76 1943 242 2004 neccssaria
256 1953 302 2002 est
316 1943 513 2001 determinata
526 1942 683 2002 verborum
697 1944 803 2016 forma,
818 1954 850 2002 et
863 1943 1012 2024 antiquitus

77 2023 230 2084 dicebatur
251 2022 432 2098 “stipulatio
444 2021 469 2078 :”
489 2041 517 2078 r.
531 2041 561 2098 g.
576 2023 600 2080 si
614 2042 690 2081 unns
703 2023 783 2082 dicat
803 2032 821 2061 ‘⁴
833 2023 1012 2099 promittisi”

75 2113 108 2163 et
125 2103 201 2162 alter
219 2101 399 2178 respondeat
419 2109 438 2137 ‘³
450 2102 629 2178 promitto:”
648 2101 767 2162 sidicat
786 2112 807 2182 ξ’
817 2102 877 2161 fide
892 2098 1012 2180 jubesi'’

73 2192 109 2243 et
120 2182 196 2242 ulter
209 2180 334 2259 replicet
354 2190 372 2218 “
387 2179 446 2238 fide
455 2179 575 2256 jubeo.”

115 2262 173 2322 Vl.
188 2261 307 2321 Dicitur
316 2259 427 2338 perlici,
450 2269 468 2297 ¹‘
479 2259 642 2337 scripteub”
655 2260 773 2338 quaudo
783 2270 953 2323 contractus
961 2281 1011 2321 non

74 2351 227 2410 cetratus,
242 2341 300 2398 nisi
307 2337 521 2409 conscribatur,
534 2339 599 2399 sive
612 2338 685 2399 ilbrd
699 2343 856 2418 proveniat
868 2361 909 2401 ex
922 2341 1015 2400 voluu-

74 2430 138 2481 tete
152 2419 398 2489 connubentiunr,
420 2418 484 2478 sive
503 2437 542 2477 ex
553 2419 778 2491 consuetudine,
799 2422 862 2480 sive
877 2441 917 2480 ex
927 2420 1015 2499 dispo·

73 2501 182 2560 sitione
198 2499 277 2578 juris
291 2499 333 2556 sic
346 2498 526 2576 requirentis
550 2509 581 2558 et
594 2498 681 2557 aliter
699 2499 810 2558 factum
825 2500 944 2559 irritum
957 2501 1014 2560 red·

73 2580 182 2650 dentis,
202 2600 230 2637 r.
243 2600 273 2658 g.
288 2588 515 2646 testamentum
535 2578 583 2636 vel
597 2579 785 2638 concedentis
809 2590 927 2659 tempus
950 2584 1015 2640 resi·

71 2658 168 2719 liendi
179 2678 231 2719 seu
244 2656 417 2736 poenitsndi,
438 2667 472 2715 ut
480 2656 551 2735 jura
563 2658 734 2739 loquuntur.

113 2739 175 2807 An,
196 2738 266 2796 dnm
280 2738 464 2795 contrahitur
478 2756 543 2797 cum
559 2737 724 2797 intentione
738 2748 922 2797 contractum
936 2737 1017 2798 robo·

71 2817 157 2894 randi
171 2836 226 2895 per
240 2817 415 2894 scripturum
430 2815 603 2887 faciendam,
625 2828 792 2876 contractus
806 2816 857 2876 ille
877 2819 917 2876 sit
931 2830 1016 2890 ratus,

73 2902 108 2957 et
124 2896 194 2955 inde
218 2896 332 2956 oriatur
356 2894 500 2974 obligatio
522 2896 561 2955 ad
575 2915 634 2955 non
648 2896 839 2956 resiliendum
864 2907 1019 2979 antequam

72 2976 299 3036 conscribatur?

111 3056 151 3115 R.
184 3056 322 3133 sepositi
342 3055 537 3132 dispositione
556 3053 635 3132 juris
658 3054 745 3113 aliter
768 3057 878 3114 factum
904 3056 1019 3116 irritum

68 3132 231 3203 reddentis,
252 3145 304 3193 eut
327 3134 518 3192 concedentis
540 3144 656 3211 ternpus
679 3133 841 3205 resiliendi,
865 3135 896 3193 id
910 3137 1019 3214 pendet

71 3233 112 3274 ex
123 3213 278 3275 uoluntate
290 3233 343 3273 seu
355 3224 453 3273 mente
467 3213 704 3271 contrahentium
716 3235 724 3271 ε
745 3215 824 3273 uude
836 3236 845 3273 r

110 3294 146 3355 si
158 3293 367 3353 contrahentes
385 3292 536 3351 noluerint
559 3291 736 3351 concludere
757 3305 942 3353 contractum
966 3296 1021 3354 nisi

70 3373 217 3452 scripturi
225 3373 383 3440 muniatur,
394 3382 551 3452 antequam
563 3372 747 3449 conscriptus
756 3373 806 3442 sit,
817 3373 933 3433 resilire
943 3374 1021 3434 licet.

111 3453 144 3514 si
164 3453 373 3513 contrahentes
387 3450 535 3510 voluerint
554 3471 586 3511 se
608 3451 735 3510 invicem
757 3451 900 3530 obligare,
929 3455 1019 3513 etiam

68 3543 228 3611 cutequm
249 3533 395 3609 scriptura
408 3533 502 3598 tieret,
523 3531 567 3589 ite
580 3540 614 3589 ut
628 3532 814 3608 scripturam,
836 3533 1023 3595 intenderint

67 3613 225 3675 dunum
251 3621 392 3688 uuquam
415 3611 653 3680 instrumentum,
674 3630 733 3690 quo
757 3622 926 3672 connectas
950 3633 1022 3692 pro·

66 3689 239 3770 beri'pocsit
252 3691 361 3756 'calore
376 3700 521 3751 externo:
540 3689 592 3749 teli
607 3707 677 3749 cusu
689 3699 859 3751 contractus
880 3691 931 3753 ille
946 3693 1021 3753 obli·

58 3781 125 3852 gat,
135 3770 322 3832 sicutcaeteri
333 3779 500 3832 contractus
508 3768 581 3828 nudi
591 3768 1024 3850 independenterdscriptu‘ra.
