2160 4034
118 156 176 223 256
514 161 701 223 essersene
775 194 780 203 ·

158 285 246 346 Circa
259 281 461 343 adolescentes
484 280 659 345 libidinosos
674 284 765 346 etiam
779 282 1004 356 reflectendum,
1015 330 1018 339 .
1029 306 1055 348 an
1075 292 1079 297 '

117 385 178 426 nou
193 365 252 425 sint
262 383 301 422 ex
314 361 373 421 illis
387 361 560 440 deperditis,
571 364 633 442 qui,
647 364 713 424 edm
726 365 817 443 filiam
830 364 948 425 oecultd
962 364 1057 426 sedan

118 456 216 514 erunt,
237 442 368 521 palemo
390 440 429 500 ud
450 461 518 501 suos
533 442 570 502 de
590 444 670 522 turpi
684 444 763 505 facto
776 443 956 522 gloriantur,
982 446 1057 508 etin

117 525 269 586 seductam
277 461 479 581 omnibonore
489 531 520 580 et
528 521 607 581 fami
615 523 866 601 spoliantuefarid
874 522 1068 585 detractione,

157 601 301 664 Similiter
314 600 392 659 circe
404 600 544 661 mulieres
553 601 717 680 impudicas
728 603 881 663 observari
896 601 997 672 debet,
1016 622 1055 666 cst

115 681 275 761 aliquando
296 679 525 740 adolescentulis
539 692 650 741 teneres
664 682 762 742 aetstia
783 692 816 743 et
828 701 908 761 saepe
928 681 1056 761 ἰςιιοηυ·

115 764 197 823 tibus
210 760 292 821 abuti
306 760 344 820 ad
354 758 508 819 libidinem
518 780 573 838 per
586 760 656 831 vim,
671 761 773 821 dolum
782 761 1053 843 tantundemque

115 844 180 904 sine
193 839 284 900 dubio
298 858 356 898 reae
372 847 441 898 sunt
454 839 560 917 stupri,
580 841 748 918 gravissimi
758 840 902 911 scandali,
916 846 970 901 &a

111 962 117 971 ·
154 923 202 980 30.
224 917 397 980 Generatim
410 919 440 976 in
452 917 589 977 omnibus
602 919 730 997 peccatis
742 919 870 981 luxuriae
880 919 1054 999 inquirende

115 1009 186 1062 sunt
199 997 427 1058 circumstantie
439 1007 503 1057 tum
515 1016 650 1077 persone
663 999 842 1069 confitentis,
856 1009 922 1058 tum
933 1019 1056 1078 persone

114 1080 251 1162 quicum,
271 1075 319 1136 rel
333 1077 412 1135 cirea
425 1096 513 1155 quam
525 1087 679 1155 peecatum
693 1089 748 1150 est,
762 1099 800 1138 an
813 1079 853 1139 sit
866 1077 973 1151 libera,
995 1098 1054 1140 con·
1075 1096 1079 1107 ·

110 1162 226 1242 jugata,
240 1165 312 1216 roto
326 1155 477 1227 obstricta,
492 1158 719 1235 consanguinea,
733 1160 785 1217 &c
1077 1156 1079 1163 '

126 1238 130 1247 '
153 1241 203 1300 40.
224 1235 332 1312 Quoad
344 1246 465 1313 peccate
479 1237 762 1331 extrema.·luxuriae
775 1237 855 1297 inter
873 1235 948 1330 duas
961 1253 1053 1331 perto-

113 1314 452 1459 tttattttttttlt‘
458 1315 1055 1490 dtlfi'ttttnttt‘tttdtttss

111 1476 323 1539 riculosissima
330 1484 377 1533 est
384 1473 488 1532 similis
497 1474 699 1545 commoratio,
718 1474 1054 1536 atideoordinariesrua

114 1555 348 1620 dissimulatione
362 1552 472 1612 debent
485 1557 626 1631 seperari.
667 1554 802 1615 Ulterius
812 1553 1055 1634 tnncpetendam

114 1636 253 1718 quamdiu
268 1634 310 1694 sic
331 1631 576 1703 cohabitaverint,
602 1654 666 1714 qnae
681 1635 872 1694 Sacramenta
892 1634 1056 1716 frequenta-
1077 1676 1079 1685 ι

113 1717 222 1787 verint,
233 1717 285 1774 dte.
299 1722 333 1773 ut
345 1711 435 1772 latibs
449 1710 573 1773 docetur
583 1713 614 1772 in
628 1713 681 1774 Tr.
701 1715 766 1775 “de
781 1712 908 1773 Poenit.”
1072 1792 1075 1797 Ι

113 1956 155 2018 Ν.
171 1957 237 2015 lte.
277 1952 338 2013 DE
360 1949 544 2013 INJURIA
564 1952 622 2012 ΕΤ
643 1949 978 2016 RESTITUTIONE
997 1952 1047 2015 EX
1068 1954 1078 1965 '

450 2030 722 2093 ADULTERIO.
931 2057 935 2068 ·
1058 2040 1061 2049 '

117 2195 148 2254 Ι..
161 2189 341 2253 Adulterium
385 2187 429 2249 Il.
448 2187 486 2248 In
498 2188 688 2267 ertinjuricm
698 2195 845 2272 ramperti,
886 2191 948 2252 111.
960 2192 1045 2253 Bran

152 2271 352 2340 ennena,-
390 2266 446 2328 1v.
485 2269 892 2347 manutenentes.
933 2247 1080 2350 unul

151 2351 285 2427 eleana
300 2347 382 2427 pree
400 2367 457 2408 mn
476 2352 579 2418 aaa,
619 2349 676 2411 vr.
695 2349 740 2409 Er
753 2351 945 2429 praseae,
986 2350 1046 2413 vn.
1065 2325 1080 2368 ¹

153 2431 199 2491 Ει
223 2431 326 2524 narro
351 2429 506 2507 appono
560 2427 652 2488 Vnt.
687 2430 774 2502 Qun,
795 2433 827 2490 a
849 2430 936 2491 euno
960 2449 1001 2490 an
1021 2406 1080 2526 ⁸¹‘l

152 2529 262 2591 spona-
742 2532 744 2536 ‘
999 2584 1004 2594 ι
1074 2562 1080 2603 1

156 2628 181 2689 Ι.
196 2626 496 2689 ADULTERIUM
509 2637 555 2686 est
563 2626 651 2686 alieni
666 2628 745 2687 thori
760 2629 893 2688 violatio.
933 2629 984 2690 De
996 2628 1049 2709 ojus

114 2708 229 2770 malitia
242 2707 341 2786 agitur
350 2707 379 2776 iu
396 2706 497 2767 Tract.
518 2715 536 2744 “
548 2707 585 2766 de
600 2706 717 2785 Religt’
731 2706 822 2767 Num.
835 2711 904 2784 288,
1071 2708 1074 2713 '

155 2786 255 2847 Proba
267 2805 322 2865 per
334 2785 512 2844 adulterium
522 2786 667 2846 committi
677 2787 742 2846 veri
752 2788 878 2848 nominis
892 2786 1035 2866 injuriam.
1077 2788 1079 2843 ἶ

155 2866 197 2927 ll.
219 2866 257 2926 R.
278 2866 444 2925 Probatur:
464 2866 534 2944 quia
552 2865 625 2924 dicit
649 2866 757 2944 Apost.
774 2869 798 2925 1.
818 2866 857 2926 ed
872 2867 941 2926 Cor.
955 2886 1016 2948 cap.
1027 2870 1049 2925 7.
1075 2874 1079 2879 '

113 2969 142 3007 r.
155 2949 184 3005 t.
198 2944 339 3004 “Mulier
351 2954 531 3024 potestatem
545 2945 591 3003 sni
604 2947 738 3023 corporis
751 2966 810 3004 non
825 2945 923 3017 habet,
938 2946 992 3006 sed
1004 2945 1051 3006 vir.
1075 2968 1079 2975 ·

113 3036 133 3067 “
149 3024 294 3086 Similiter
302 3035 403 3085 autem
413 3031 439 3084 dr
449 3026 495 3083 vir
505 3023 550 3084 sui
559 3025 692 3103 eorporis
700 3035 879 3104 potestatem
890 3025 1050 3097 nonhabet,

112 3115 131 3147 “
145 3105 198 3166 sed
212 3103 344 3163 mulier.”
367 3104 465 3182 igitur
478 3105 530 3183 qui
544 3103 750 3163 commiscetur
762 3104 813 3163 uni
827 3124 866 3164 ex
883 3104 1052 3184 conjugatis,
1077 3098 1079 3105 ¹

111 3184 185 3247 facit
207 3202 308 3242 veram
331 3181 470 3261 injuriam
493 3182 580 3242 alteri
604 3202 656 3242 seu
683 3183 850 3264 comperti:
882 3185 1052 3264 proindesi

111 3276 238 3358 utraque
261 3282 330 3341 pars
344 3259 521 3322 'adulterans
535 3262 574 3320 sit
587 3263 754 3342 conjugata,
768 3263 885 3342 singula
898 3263 1052 3324 committit

115 3343 262 3424 duphcom
278 3342 426 3421 injuriam,
448 3341 561 3402 scilicet
573 3342 604 3400 in
618 3353 798 3422 comportem
817 3343 970 3425 propriam
985 3353 1016 3405 et
1026 3344 1054 3402 in

114 3433 301 3569 collllrllbb
313 3420 552 3580 idlbllbslollitur
561 3520 615 3578 per
624 3500 690 3571 boc,
705 3502 784 3580 qudd
795 3521 929 3582 compare
943 3501 1055 3564 adulte·

111 3582 207 3644 rantis
220 3582 386 3642 consentiat
399 3581 428 3638 in
437 3579 625 3651 adulterium,
634 3590 668 3639 nt
676 3591 759 3659 patet
767 3601 805 3640 ex
814 3581 1058 3642 condemnatione

112 3662 201 3741 hujus
222 3659 435 3740 propositionis
456 3661 504 3719 50.
525 3680 579 3740 per
604 3659 809 3721 Innocentium
824 3660 883 3720 XI.
912 3669 932 3701 ‘⁴
944 3650 1079 3771 ⁰⁰P⁰l⁸l

114 3752 133 3782 “
146 3760 213 3804 cum
228 3738 387 3822 conjugata
400 3741 602 3804 consentiente
616 3739 733 3816 marito,
747 3751 861 3803 nonest
870 3739 1061 3817 adulterrum,

435 3994 517 4013 Q.
