2160 4034
349 167 392 210 ee
411 168 494 211 sune
512 169 556 211 er
573 167 729 213 cosmum.
948 154 1020 215 eet

57 275 137 327 -tete
160 270 294 351 eorporis
312 281 345 331 et
363 273 425 332 heo
446 283 494 333 est
514 274 675 344 inferioris,
697 274 786 355 quim
800 272 863 333 vitu
875 273 1019 335 beminis:

59 346 208 430 -ndecque
228 350 360 429 preferri
375 373 435 412 non
448 364 549 431 potest
562 355 631 412 vitm
644 354 808 422 inverurie3
827 354 953 432 proinde
966 372 1021 432 pu·

75 425 207 487 dicitium
220 432 262 488 sic
275 441 424 509 acceptam
438 432 601 492 defendens
623 453 689 492 cum
704 433 850 492 occisione
863 433 1018 503 invasoris,

64 524 133 565 ¹uon
148 520 284 569 mereret
296 512 486 571 moderamen
500 513 658 590 inculpate
670 512 782 571 tutelae.
897 560 901 565 .

110 586 264 647 Probatur
276 592 325 648 20.
338 610 377 649 ex
392 592 422 651 S.
433 592 515 670 Aug.
525 592 577 650 lib.
594 595 620 650 l.
634 591 809 651 “delibero
823 591 903 650 erb.”
915 610 980 670 cop.
989 594 1018 650 5.

11 680 28 715 ι·-
75 665 206 727 decutet
228 668 372 746 “Legem
387 671 506 748 quidem
519 671 603 752 (erut
611 671 663 731 lex
676 671 781 741 civilis,
794 672 853 752 qud
866 672 1018 731 inveeores

74 746 255 822 “pudicitie
278 750 488 808 occidebantur
500 751 638 830 impune)
658 770 718 810 uon
734 749 932 829 reprebendo,
951 769 1019 830 quae

11 836 36 877 12
71 832 86 863 “
97 825 178 885 tales
192 827 311 905 impune
325 830 473 906 permittit
485 830 628 899 interfici3
648 829 702 889 sed
713 848 772 907 quo
785 839 874 909 pecto
886 829 953 889 illos
968 830 1019 890 de·

11 918 35 973 ‚n
71 911 87 941 ‘⁸
99 904 235 977 fundam,
248 908 300 987 qui
314 909 502 979 interficiunt,
515 929 577 967 uon
588 909 732 969 invenio.”
849 926 855 938 ·

106 983 214 1055 Adde,
235 987 315 1065 quod
338 988 417 1047 inter
432 989 564 1060 Sanctae,
585 1009 658 1070 quas
678 988 749 1048 colit
768 988 913 1059 Ecclesia,
930 987 1018 1048 nulle

24 1078 28 1083 ·
65 1062 211 1141 leguntur
225 1066 280 1151 bric
299 1067 473 1127 defensione
485 1088 555 1138 uuae,
576 1069 710 1149 quamvis
724 1067 846 1127 indubie
860 1068 1018 1148 aliqnando

15 1158 30 1193 ἓ
63 1145 187 1203 eccesie
200 1145 338 1205 adfuerit.
378 1147 445 1206 Nec
457 1148 548 1207 etiem
561 1149 712 1226 reperitur
724 1167 808 1207 cauus
819 1148 867 1205 bic
876 1158 1020 1225 exceptus

10 1234 26 1245 *-
225 1225 232 1239 ⁸
328 1236 348 1265 u
487 1228 493 1240 '
559 1227 574 1250 ’l

65 1224 235 1382 dgfflprtllt
247 1225 298 1364 bbg
297 1245 419 1383 iambi:
426 1229 576 1384 pibdibiitie
585 1307 749 1385 periculum
760 1316 806 1365 eet
814 1305 1019 1365 consentiendi

10 1398 19 1435 ῑ
66 1378 189 1442 libidini
199 1385 378 1455 elienae,nisi
388 1384 539 1445 occidatur
547 1387 679 1446 invescrt
693 1406 766 1463 ergo
775 1386 855 1444 licite
864 1384 1019 1444 occiditur.

10 1480 16 1515 ἱ·
106 1462 238 1523 R-Cum
247 1464 1018 1544 Steyeertio,quddincorruptionibusietisviolcntie

11 1574 16 1585 ·
66 1540 168 1620 major
178 1543 276 1619 eoleat
289 1564 354 1604 eeee
368 1544 510 1615 horroris,
524 1565 614 1682 ‹puem
626 1544 832 1604 delectationis
846 1563 950 1603 eeneue
963 1563 1018 1622 pro

10 1638 16 1677 t
68 1633 157 1699 perte
166 1622 270 1683 eultem
283 1624 438 1702 superiori,
444 1644 495 1683 eeu
502 1645 538 1683 vo
552 1635 662 1695 notate,
668 1635 733 1683 esto
743 1626 773 1683 in
783 1634 868 1701 perte
878 1623 1020 1683 sensitiva

10 1734 14 1743 ·
71 1700 185 1782 aliquid
198 1702 278 1761 forte
292 1703 437 1764 illecebrae
452 1705 649 1763 interveniat:
667 1703 747 1763 uude
762 1702 924 1781 periculum
937 1703 1019 1762 istud

72 1799 131 1840 nou
147 1791 194 1840 est
206 1783 250 1841 ite
258 1784 465 1865 propinquum.
501 1785 648 1844 lteetiem
658 1784 773 1843 censuit
788 1783 818 1844 S.
829 1783 1018 1859 Augustinus

73 1858 129 1919 lib..
140 1863 167 1919 l.
187 1861 256 1921 “de
271 1863 401 1922 Civitete
415 1863 492 1923 Dei''
512 1884 576 1942 eep.
590 1866 638 1922 25.
651 1863 771 1923 dicens:
791 1862 915 1921 “Nullo
928 1861 1017 1922 modo

76 1948 93 1977 ‘⁴
107 1939 165 1999 boc
173 1941 246 2000 fecit
256 1944 379 2013 animus,
394 1953 428 2001 ut
438 1946 606 2002 consentiat
618 1942 734 2002 libidini
746 1942 842 2001 curuis
851 1960 912 2001 sure
923 1941 1019 2001 elieue

78 2018 232 2081 “libidine
247 2022 410 2093 concitate,
430 2024 483 2104 qui
503 2023 571 2082 Deo
591 2022 692 2101 potitis
712 2022 837 2100 ejusque
857 2021 1019 2099 eapientiee,

10 2116 15 2149 ῐ
77 2108 93 2137 “
127 2120 196 2160 uem
214 2102 346 2180 corporis
360 2102 604 2180 concupiscentie
618 2101 768 2180 subjectus
782 2100 855 2160 eet.'’

10 2220 12 2229 ·
106 2122 193 2241 beto
206 2182 306 2252 etiam,
328 2183 490 2259 periculum
506 2183 665 2242 consenesce
679 2201 745 2241 esee
759 2181 938 2259 proximum,
957 2178 1017 2238 non

10 2276 28 2311 r·-
76 2259 141 2321 licet
153 2262 253 2320 secere
267 2274 381 2321 certum
395 2272 548 2340 peccatum
563 2262 727 2331 occisionis,
736 2272 770 2321 ut
784 2260 912 2319 evitetur
926 2259 1020 2317 incer·

10 2354 26 2389 ¹²
76 2350 145 2399 tum.
183 2341 293 2415 “Quis
307 2341 385 2400 enim
400 2340 593 2420 itedeeipiet,
615 2341 712 2421 inquit
731 2340 761 2399 S.
776 2338 964 2416 Augustinus
978 2338 1018 2395 ci·

77 2428 92 2458 ‘⁸
104 2429 195 2491 tetus,
206 2432 241 2479 ut
249 2420 345 2479 dicate
362 2421 425 2498 jam
435 2439 686 2499 neucpecccmue,
698 2419 824 2479 neforto
834 2427 938 2495 postca
951 2435 1018 2494 pec·

10 2494 35 2550 ii·
76 2506 221 2559 “cemees
247 2500 310 2579 jam
332 2520 411 2558 nunc
431 2512 637 2579 perpetremus
661 2498 861 2565 homicidium,
882 2516 920 2554 ue
941 2497 1018 2555 forte

77 2587 92 2615 “
103 2584 209 2657 postue
221 2578 386 2638 incidemus
401 2580 430 2637 in
445 2578 649 2639 adulterium.”

12 2732 23 2741 .
112 2657 184 2737 Obj.
206 2658 249 2717 11.
270 2658 383 2718 Mulier
402 2680 462 2719 uon
484 2670 593 2737 potest,
621 2658 780 2752 nequidem
801 2665 882 2714 metu
902 2654 1018 2723 mortis,

10 2740 38 2789 δὲ
75 2736 147 2796 velle
160 2738 336 2816 permittere
350 2758 383 2799 ee
396 2738 512 2810 violari,
535 2758 609 2816 ergo
631 2737 713 2797 licite
735 2756 767 2797 se
789 2733 924 2795 defendit
943 2733 1018 2793 occi·

74 2816 168 2877 dendo
182 2817 360 2877 invasorem.

41 2890 44 2895 ’
109 2897 148 2955 R„
170 2896 318 2973 Negendo
332 2918 449 2978 conseq.
463 2897 540 2956 retio
551 2908 606 2967 est,
621 2896 700 2978 quod
712 2895 788 2955 velle
798 2893 974 2972 permittere
987 2910 1020 2951 ee

72 2975 186 3046 violari,
200 2977 241 3033 eit
250 2979 418 3037 consentire
430 2981 461 3037 in
473 2982 519 3037 eni
528 2977 729 3046 violationem,
743 2974 878 3055 adeoque
887 2989 1019 3051 peccare.

111 3054 183 3133 Obj.
206 3055 267 3114 111.
289 3057 403 3116 Pudice
422 3056 530 3116 mulier
549 3056 652 3115 mullet
670 3055 756 3125 mori,
787 3073 874 3136 quam
895 3068 1020 3130 corpore

12 3128 31 3183 d·
71 3134 194 3194 fedari:
215 3154 289 3212 ergo
304 3137 447 3213 pudicitia
461 3135 554 3214 pluris
567 3136 703 3196 faciende
716 3144 772 3203 est,
785 3152 873 3214 quem
887 3132 959 3191 vite.

108 3213 148 3274 R.
164 3215 254 3273 ·Dato
280 3217 484 3287 antecedente,
514 3235 593 3293 nego
612 3235 694 3275 cone.
712 3215 791 3295 quod
813 3213 892 3271 enim
912 3209 1020 3289 pudice

9 3303 23 3340 t·
70 3293 281 3372 mulierpcssit
292 3295 404 3373 eligere
414 3298 514 3374 potius
525 3299 729 3373 petimortem,
738 3312 825 3373 quam
835 3291 951 3358 tredaci,
959 3306 1019 3345 nou

71 3384 116 3457 eet
129 3374 203 3453 quia
214 3374 360 3452 pudicitie
373 3375 467 3453 pluris
480 3376 547 3434 fieri
566 3374 657 3435 debet
676 3392 763 3456 quam
784 3372 854 3441 vita,
876 3368 928 3429 eed
949 3366 1019 3460 quie

9 3454 19 3498 t·
70 3465 260 3513 uuuteuetur
270 3454 361 3513 vitem
377 3474 552 3514 conservare
565 3454 666 3515 medio
679 3464 739 3513 tam
754 3451 858 3512 odioso
868 3456 893 3508 ἃ
903 3464 1018 3538 pericu·

9 3538 16 3575 ’ἲ
69 3532 150 3592 lose:
169 3533 252 3593 eliud
265 3544 364 3593 numm
380 3545 435 3604 est,
455 3554 514 3593 non
530 3552 708 3593 conservare
721 3534 822 3598 vitam,
842 3526 922 3588 eliud
943 3544 1019 3585 occi·

9 3602 24 3657 δ’
69 3612 160 3687 dere.¹
186 3613 257 3672 Hoc
267 3632 357 3672 seusu
366 3613 495 3692 intelligi
504 3623 606 3692 potest
616 3613 658 3683 id,
671 3612 751 3694 quod
761 3608 834 3671 dicit
846 3609 877 3667 S.
887 3603 1018 3699 Ambro-

68 3690 233 3755 similet.
244 3693 437 3757 officiurinrnr
457 3704 477 3735 ‘⁶
487 3692 659 3773 Periculum
669 3690 793 3772 pudcrie
802 3685 1018 3779 bouieiemtme

9 2952 38 2987 U:
