2160 4034
358 168 403 214 un
422 170 505 215 raes
524 172 567 216 ιι
585 174 742 217 enarrem·
974 161 1035 220 208

52 301 107 369 N.
131 293 214 370 ιιι
264 310 324 373 nn
353 293 613 389 nnon1s1n1s'
635 314 695 376 nr
723 316 1036 395 sucronemne

122 387 379 485 marimum
400 394 470 454 sm
491 394 730 456 raucarum
749 396 979 458 messana

66 506 658 593 LReqm'u‘toutsitpeccutuotrnurtole.
700 516 743 578 11.
763 517 1030 595 Srffim'mrdoltbe·

110 594 202 653 msto.
242 593 304 653 111.
323 593 567 672 Mutariuymor's,
611 596 668 657 lv.
685 596 990 674 Etprocistemcritos.

115 712 325 787 QUAENAM
345 715 548 795 requiruntur,
568 727 604 777 ιιι
626 716 771 796 judicium
786 718 978 780 temerarium
992 720 1032 780 sit

78 803 233 871 ιιιιιιιιιι
248 795 397 857 mortale?

118 870 144 931 l.
158 871 198 932 lt
213 873 288 933 Hac
297 875 372 934 tria:
396 877 441 934 1⁰.
454 885 489 935 ut
502 874 580 934 adsit
590 876 736 935 sufficiens
748 875 923 937 deliberatio
937 879 1031 939 actds.

117 952 166 1010 2⁰.
188 952 233 1013 Ut
246 953 286 1012 sit
299 953 329 1012 in
341 957 467 1015 materia
478 955 573 1033 gravi,
585 955 641 1014 boc
654 967 710 1027 est,
722 956 800 1016 circa
814 967 966 1036 peccatum
981 960 1029 1018 vel

49 1072 58 1089 ι
85 1026 227 1091 deiectum
242 1033 377 1112 graviter
390 1035 576 1113 probrosum.

49 1094 57 1157 l
118 1112 164 1169 8⁰.
187 1110 233 1171 Ut
246 1113 450 1172 committatur
462 1113 563 1193 gravis
576 1114 739 1185 temeritas,
762 1134 825 1185 seu,
846 1126 880 1174 nt
893 1114 933 1174 sit
946 1127 1031 1176 notu·

49 1172 62 1241 l
86 1186 144 1249 bilis
155 1188 361 1270 disproportio
375 1193 455 1252 inter
468 1192 580 1252 motiva
594 1204 625 1251 et
638 1194 734 1274 ipsum
743 1193 899 1274 judicium.

49 1292 52 1299 ·
115 1266 166 1329 Ex
180 1268 289 1351 quibus
302 1271 463 1351 colligitur,
472 1270 619 1366 judicium
628 1275 818 1331 temerarium
832 1293 919 1352 posse
933 1274 972 1333 tri
993 1273 1029 1333 li·

86 1344 232 1442 citeroesse
242 1362 399 1488 peccatum
413 1351 538 1425 veniale,
566 1352 592 1411 si
612 1351 750 1411 nimirum
773 1372 863 1411 unum
878 1372 918 1412 ex
934 1295 1030 1414 tribus

87 1427 232 1567 reqprsitis
263 1430 370 1490 eficiat.

49 1536 51 1543 v
146 1506 277 1567 odonam
285 1507 447 1588 judicatur,
464 1509 656 1571 sufficientem
669 1509 800 1570 adfuisse
813 1510 1030 1571 advertentium

49 1648 54 1659 ,
87 1584 137 1645 sire
149 1584 424 1650 deliberationem?

49 1664 68 1703 ’ἑ
115 1663 160 1729 ll.
175 1666 216 1727 R„
238 1667 275 1733 Id
284 1667 384 1747 colligi
395 1667 485 1728 debet
498 1688 537 1728 ex
549 1667 663 1747 regulis
673 1667 877 1728 communibus
890 1668 969 1728 tradi
983 1688 1032 1730 so·

84 1742 136 1805 itis
149 1742 191 1805 de
204 1746 375 1807 voluntario
389 1772 397 1817 ;
417 1748 522 1807 eodem
536 1749 614 1807 enim
625 1748 715 1808 modo
728 1749 777 1808 blo
785 1748 1031 1822 ratiocinandum,

49 1822 59 1859 '-
84 1822 155 1884 dont
168 1823 207 1884 de
222 1825 288 1885 aliis
302 1826 532 1905 cogitationibus
541 1827 636 1886 malis.

54 1903 59 1907 ’
111 1902 202 1985 Bene
217 1905 388 1979 notandum,
394 1906 551 1984 judicium,
566 1906 774 1985 suspicionem,
788 1912 841 1967 &c
853 1905 997 1985 distingui
1012 1909 1031 1968 d

77 1998 152 2075 putu
164 1984 338 2063 cognitione
359 2005 412 2045 sen
432 1986 695 2066 representatione
709 1985 860 2065 cujusdam
881 1986 936 2059 rei,
957 2006 985 2045 r.
998 2006 1029 2065 g.

49 2060 54 2097 ·'
78 2060 270 2200 imaginando
285 2064 350 2135 sibi,
371 2064 499 2143 aliquem
512 2065 619 2125 fecisse
633 2065 834 2136 homicidium,
858 2064 907 2123 vel
922 2085 1031 2144 suppo·

49 2170 53 2217 p
76 2159 133 2201 neu
157 2159 186 2213 o,
201 2143 274 2222 quid
288 2144 485 2222 contingeret,
509 2164 578 2205 casu
592 2163 650 2224 quo
664 2145 732 2204 talis
746 2144 937 2203 homicidium
952 2164 1031 2204 com·

49 2227 51 2271 ἰ
77 2220 219 2293 misisset,
246 2228 297 2282 dre.
311 2222 374 2283 ιιι
386 2243 447 2283 uon
460 2233 530 2283 sunt
546 2225 670 2302 judicia,
691 2244 789 2303 neque
806 2235 943 2302 peccata:
975 2224 1028 2283 sed

78 2300 215 2379 quaedam
229 2303 420 2374 tentationes,
435 2322 499 2381 quae
515 2313 655 2382 tanquam
675 2305 777 2362 inanes
791 2303 902 2362 debent
915 2302 1029 2382 negligi

76 2378 122 2440 sel
142 2378 252 2459 abjici:
274 2382 379 2461 siquis
400 2382 436 2440 iis
451 2381 594 2441 inhaereat
607 2403 672 2441 eum
688 2381 900 2461 complacentia
914 2383 1027 2459 peccati

78 2461 294 2555 repraesentati,
314 2472 393 2525 esset
404 2460 562 2523 delectatio
571 2480 700 2533 morosa,
714 2481 771 2520 non
781 2462 927 2540 judicium
938 2471 1030 2525 terne·

78 2556 201 2598 mum.
623 2552 625 2557 '

114 2618 168 2679 An
183 2629 218 2679 ut
237 2618 382 2699 judicium
406 2619 596 2678 temerarium
620 2619 659 2678 sit
683 2629 845 2697 peccatum,
867 2606 1033 2697 requiritur

78 2697 201 2758 actualis
215 2698 411 2772 advertentis,
425 2698 485 2778 qud
497 2699 563 2780 quis
576 2699 713 2759 advertat
725 2698 835 2757 iudicia
847 2719 913 2758 esse
925 2718 1031 2760 reuera

79 2778 308 2839 insufficientia?

117 2856 157 2917 lt
179 2857 350 2935 Negativer
370 2857 423 2917 sed
437 2856 553 2927 sufficit,
578 2856 658 2935 quod
669 2855 735 2935 quis
745 2855 890 2926 advertat,
914 2866 967 2915 aut
979 2855 1031 2916 ad·

81 2944 198 2996 vertere
211 2937 347 3015 possitet
358 2936 464 2997 debeat
475 2958 507 2996 se
515 2936 657 3015 suspicari
669 2954 761 3013 grave
772 2936 879 2995 mulum
892 2934 929 2995 de
938 2955 1029 3013 prox-

81 3015 147 3088 imo,
162 3016 190 3074 ds
204 3035 244 3076 ex
258 3016 337 3087 odio,
364 3027 545 3095 contemptu,
574 3015 621 3074 vel
636 3034 728 3095 pravo
740 3015 841 3073 babitu
853 3035 911 3074 non
926 3015 1032 3074 suffici·

82 3104 165 3155 enter
177 3105 340 3155 retractato
354 3094 488 3174 negligat
508 3093 666 3154 advertere
680 3094 718 3153 ad
732 3094 907 3153 indiciorum
922 3094 1032 3153 insuffi-

83 3174 239 3245 cientium3
269 3194 338 3233 nam
352 3185 422 3234 tuno
435 3175 590 3234 temeritas
604 3174 655 3233 illu
664 3174 747 3240 ‚satis
760 3184 807 3233 est
820 3173 988 3233 voluntaria
1001 3175 1031 3232 in

83 3273 176 3325 causa,
197 3254 228 3312 in
242 3253 321 3313 mala
333 3272 439 3331 nempe
450 3254 617 3313 affectione.
1028 3307 1031 3311 .

50 3394 54 3403 ,
118 3333 310 3412 Scrupulosis
331 3332 449 3392 interim
464 3332 652 3397 &timoratis
666 3331 804 3411 proximo
826 3330 904 3395 bene
917 3328 1031 3388 affectis

50 3428 54 3483 t
82 3412 188 3486 meriti)
202 3411 380 3491 proponitur
393 3411 456 3470 hmo
470 3412 582 3491 regula,
593 3423 627 3471 ut
638 3432 696 3470 non
708 3411 879 3470 existiment
889 3429 922 3468 se
936 3410 964 3466 in
977 3407 1032 3466 bac

51 3492 55 3597 'q
83 3491 206 3551 materia
217 3491 352 3571 grauiter
362 3490 544 3570 delinquere,
558 3492 615 3551 nisi
630 3491 717 3571 plene
727 3490 924 3558 advertentes,
935 3487 1031 3567 suspi-

84 3572 198 3631 cionem'
211 3571 325 3630 versari
349 3571 379 3628 in
401 3571 526 3630 materia
548 3572 633 3649 gravi
648 3574 673 3629 a
688 3570 849 3665 procedere
863 3587 900 3628 ex
914 3566 1033 3630 levibus

85 3650 213 3721 motivis,
233 3668 299 3709 eam
312 3648 480 3709 voluntarie
494 3650 742 3709 continuaverant.
772 3706 776 3715 ,

50 3758 53 3765 ·
121 3728 273 3805 Quidnam
286 3726 833 3808 hiccenseridebetmateriagrsrisi
