2160 4034
102 181 168 239 280.
482 188 669 237 rarcrrrrns
701 188 736 225 ι-
766 188 774 225 ε

1073 248 1077 275 l

139 301 195 361 IV.
206 301 245 361 R.
256 299 382 377 Proprie
396 297 661 377 significateeedem
671 300 784 381 patris:
805 299 860 359 sed
870 290 1078 378 generaliter,¹

98 382 175 440 sumi
196 380 272 439 solet
286 380 375 438 etiem
397 399 452 456 pro
476 380 653 450 matricidio,
678 380 1046 451 rrxoricidio,³fretricidio,

99 459 292 527 sororicidior
312 459 383 517 item
393 476 447 536 pro
459 458 538 517 crede
547 459 674 536 prolium
685 469 716 518 et
723 461 971 538 propinquorum,
981 460 1046 519 item

97 559 153 617 pro
167 539 246 597 caede
261 539 414 615 Regisaut
428 538 574 615 Principis
587 548 619 597 et
629 539 787 616 cujuslibet
795 558 942 617 personas,
952 540 1000 597 cui
1011 538 1055 598 oh-

98 619 339 696 superioritatem
353 616 479 675 debetur
491 619 595 694 pietas,
610 617 799 677 observantia
808 629 862 677 aut
872 617 1044 678 obedientia.

139 698 219 755 Hinc
246 697 283 755 ad
304 696 466 773 parricidas
485 697 669 755 reducuntur
694 698 834 757 mulieres
855 708 1043 776 procurantes
1072 759 1077 769 ,

98 775 244 844 abortum,
257 777 319 834 sive
332 775 421 833 foetus
435 777 581 834 animatus
595 777 643 846 sit,
659 776 721 834 sive
735 798 812 836 non:
833 777 907 836 item
919 797 984 857 qum
994 778 1041 836 im·
1071 768 1078 827 l

96 856 229 934 pediam,
244 855 401 937 quominus
416 876 455 913 ex
468 854 625 913 concubitu
640 858 795 935 concipere
810 858 937 934 possint.

118 964 121 969 ·
138 935 219 1008 Quid
233 946 279 994 est
293 933 479 1012 sacrilegium
494 953 546 992 seu
560 934 752 994 homicidium
765 937 970 1014 sacrilegum?
1059 932 1078 1003 Ρ

137 1015 176 1075 V.
198 1015 236 1074 R.
258 1015 314 1072 Est
329 1013 410 1082 illud,
432 1013 512 1091 quod
536 1016 732 1073 committitur
756 1036 821 1074 curn
842 1014 1038 1093 profanatione
1059 1010 1078 1080 ³i²

96 1093 149 1164 rei,
170 1093 238 1164 loci,
251 1105 304 1151 aut
318 1113 451 1171 personas
465 1113 572 1153 sacrae:
593 1113 620 1151 v.
634 1115 663 1172 g.
686 1094 794 1153 occisio
811 1094 982 1155 Sacerdotis
995 1106 1039 1155 aut

97 1172 253 1252 Religiosi‚
274 1173 319 1230 vel
335 1171 525 1231 homicidium
541 1175 571 1251 iu
584 1172 650 1233 loco
665 1194 748 1233 sucro
763 1176 967 1234 commissum.
1061 1181 1078 1209 *

138 1252 218 1324 Quid
230 1264 275 1310 est
288 1252 501 1311 latrocinium?
583 1310 586 1316 ,
1063 1252 1078 1289 ³

137 1331 193 1392 Vl.
215 1332 253 1391 R.
274 1333 330 1390 Est
343 1330 427 1402 illud,
442 1331 522 1410 qnod
536 1332 726 1391 committunt
738 1333 871 1393 latrones
886 1334 950 1393 vias
973 1332 1037 1413 puh-

95 1411 166 1469 licas
181 1411 360 1469 obsidentes.
940 1420 943 1425 “
1062 1436 1065 1445 ·

138 1490 220 1564 Quid
234 1501 280 1549 est
293 1490 494 1550 assasinatus?
1076 1549 1078 1555 .

137 1570 211 1630 Vll.
232 1570 272 1629 R.
293 1570 349 1628 Est
363 1569 457 1628 caedes
470 1569 550 1628 iacta
558 1589 613 1648 per
626 1570 747 1630 sicarios
761 1571 994 1642 conductos,·vel
1007 1591 1038 1630 ex

96 1648 211 1708 insidiis
220 1660 271 1708 aut
280 1649 496 1727 conjuratione:
511 1650 674 1709 conductor
682 1662 804 1710 vocatur
814 1651 1038 1719 “assasinator;‘’

98 1740 130 1787 et
147 1740 290 1789 executor
303 1729 367 1788 sive
381 1729 543 1788 conductus
557 1729 666 1788 dicitur
685 1740 704 1768 ‘⁴
716 1731 888 1790 assasinus.”
930 1730 979 1790 De
1001 1730 1040 1790 his
1066 1730 1078 1769 ἵ

97 1808 201 1869 statuit
216 1809 381 1886 Gregorius
396 1807 486 1869 xlv.
501 1808 582 1888 quod
595 1808 677 1868 nullo
690 1810 839 1888 gaudeant
852 1811 949 1892 azylo.

1063 1488 1078 1527 fl}
1067 1319 1078 1379 «ᾖ

355 2047 396 2105 Ν.
418 2049 483 2105 132.
525 2048 585 2106 ΒΕ
605 2048 795 2110 DUELLO.

97 2169 122 2228 1.
141 2168 288 2228 Duellum.
329 2169 370 2228 11.
390 2169 544 2229 Dividitur
571 2173 602 2229 lu
627 2172 745 2249 simplex
768 2171 793 2245 ὅς
813 2171 942 2231 solemne.
972 2155 1040 2229 ΠΙ.

134 2246 189 2308 IV.
209 2248 285 2325 Ejus
298 2249 417 2308 mulitia.
458 2250 498 2310 V.
514 2249 675 2327 'Nunquam
689 2251 852 2319 estlict'tum,
894 2250 952 2311 VI.
972 2247 1039 2309 Nisi

131 2327 299 2387 authoritate
305 2328 432 2406 publicu.
473 2329 549 2390 vlt.
569 2330 722 2390 Restitutio
735 2333 842 2390 ratium
855 2329 951 2389 duelli.

137 2447 246 2522 QUID
262 2457 308 2505 est
322 2447 477 2508 duellum?

134 2527 158 2586 1.
186 2527 225 2586 R.
251 2527 308 2585 Est
322 2527 448 2585 duorum
463 2527 510 2587 rel
523 2528 651 2605 plurium
665 2539 815 2588 certamen
837 2547 876 2586 ex
896 2527 1040 2596 condicto,

92 2616 205 2666 statuto
217 2606 283 2665 loco
298 2616 328 2664 et
342 2617 486 2684 tempore,
501 2609 576 2666 citra
589 2607 735 2686 publicam
750 2608 973 2677 authoritatem,
993 2608 1041 2666 de·

91 2684 216 2747 liberata
231 2685 382 2745 voluntate
396 2698 563 2764 susceptum
578 2706 644 2745 curu
658 2688 790 2767 periculo
805 2687 971 2746 occisionis.

131 2765 212 2823 Hinc
225 2765 251 2823 si
265 2765 323 2823 duo
338 2765 402 2824 sine
416 2767 496 2824 omni
511 2768 646 2827 condicto
658 2768 705 2826 vel
716 2769 780 2826 sine
790 2768 935 2844 temporis
947 2766 1040 2826 etloci

91 2844 339 2904 determinatione
358 2845 389 2902 in
407 2846 480 2903 iram
496 2856 686 2924 erumpentes
699 2867 781 2906 arma
795 2848 912 2906 saniant
926 2848 953 2904 u
967 2865 1054 2926 pag·-

92 2933 172 2992 nent‚
187 2943 245 2982 non
261 2924 319 2982 erit
332 2926 454 3003 proprie
468 2925 579 2984 dictum
594 2926 736 2985 duellum.

129 3003 276 3062 Censetur
297 3013 397 3062 tamen
419 3003 483 3064 reri
503 3005 632 3064 nominis
656 3006 795 3075 duellum,
818 3005 842 3064 si
858 3005 917 3064 duo
932 3004 1036 3083 incipi·
1075 3016 1078 3041 ¹

88 3092 172 3142 entes
185 3082 287 3150 rixari,
302 3103 329 3140 v.
343 3103 372 3160 g.
387 3084 416 3141 in
432 3085 543 3163 templo
559 3085 657 3144 dicant
671 3085 727 3143 sihi
741 3086 885 3144 invicem:
907 3084 978 3144 Non
993 3093 1038 3142 est
1074 3084 1078 3121 ³

88 3162 169 3222 locus
193 3161 316 3220 idoneus
331 3163 369 3220 ad
384 3162 564 3223 dirimendas
586 3163 729 3242 querelas,
757 3184 858 3223 eamus
878 3165 969 3234 foras,
992 3163 1038 3222 rel
1074 3164 1078 3201 ⁵

88 3239 276 3319 egrediamur
289 3242 318 3298 in
334 3243 498 3318 proximam
514 3244 651 3322 plateam,
675 3254 707 3302 et
730 3245 772 3302 ita
796 3253 945 3302 certamen
960 3263 1038 3302 eom·

88 3322 218 3387 mittant.
259 3320 335 3379 Item
347 3322 372 3378 si
383 3321 501 3381 dicant:
523 3323 719 3400 digladiemur
733 3325 839 3402 primo,
852 3325 903 3401 qui
914 3323 951 3382 ad
963 3342 1054 3402 pug··¹

88 3419 156 3459 nam
170 3400 352 3473 commodior
367 3413 503 3461 occurret
515 3401 598 3462 loco:
619 3403 688 3481 quia
702 3402 731 3460 in
751 3403 797 3461 his
811 3405 883 3461 satis
897 3403 1037 3461 determi-

88 3479 279 3548 naturlocus,
301 3490 427 3558 tempuS,
456 3483 507 3539 810.
528 3482 611 3541 addit
626 3482 732 3551 Goilet,
760 3503 825 3542 esse
846 3481 987 3554 duellum,
1012 3481 1040 3540 si-

88 3558 403 3637 statuentdigladiari,
419 3560 596 3640 ubicumque
610 3563 689 3621 solus
703 3563 759 3625 soli
775 3574 918 3622 occurret.

127 3636 270 3697 Duellum
283 3649 408 3708 nonest,
423 3640 448 3697 si
461 3661 561 3719 pugna
575 3643 751 3721 suscipiatur
765 3644 828 3701 sine
841 3642 974 3720 periculo
992 3660 1039 3702 oc·

87 3717 223 3778 cisionisr
243 3718 350 3778 sufficit
372 3731 470 3780 tamen
491 3721 654 3799 periculum
676 3722 798 3794 morale,
826 3723 913 3800 quale
936 3732 993 3794 est,
1014 3722 1038 3780 si
