2160 4034
396 120 440 162 ou
459 120 541 162 sunu
560 120 603 162 ar
622 120 777 164 rcsrrrm.
1028 111 1067 167 51

113 230 209 302 potest
223 226 316 283 annis
326 228 485 297 consuetis,
506 229 594 286 etiarn
609 227 822 287 aliisvendere.
862 230 910 286 2⁰.
932 228 1068 291 Grandes

116 301 232 361 arbores
248 306 366 364 credere
380 327 438 365 non
454 318 561 384 potest,
582 317 615 364 ut
627 308 819 365 Glrristinaeus
835 307 1000 384 judicatum
1022 331 1070 370 re·

50 446 54 453 ,
115 382 186 441 lert:
207 382 389 443 demortuos
402 398 501 444 tamen
516 388 622 462 accipit
636 392 661 444 Cr
674 406 766 444 novas
781 386 942 457 substituit,
963 408 1023 445 non
1038 391 1069 446 vi

20 474 31 499 ¹
114 472 269 520 ventorum
295 464 417 542 ejectas,
438 485 503 543 quae
526 466 635 523 cedunt
657 466 873 542 proprietario:
901 467 998 524 aufert
1019 468 1070 527 ille

10 540 83 578 ΓΜ
116 551 205 599 tamen
221 544 490 619 quantumsufficit
512 544 577 602 usui
591 545 668 603 villas
681 545 875 602 ususfructus.
915 548 963 603 3⁰.
985 547 1067 605 Dum

10 618 83 676 ΡΜ
116 620 243 757 quam
270 623 367 700 sylvae
388 623 543 692 habentur,
564 624 653 680 sicut
668 644 726 682 non
741 626 800 680 sint
821 623 1000 700 regulariter
1014 647 1069 684 cae-

169 743 178 767 ,
200 701 259 758 sed
284 704 454 780 quotannis,
475 703 602 781 majores
623 703 737 780 aliquot
750 703 880 774 arbores,
901 706 1069 763 usufructu·

116 780 181 837 nius
196 783 328 838 modum
344 793 518 840 consuetum
536 783 647 859 poterit
661 802 790 840 servare.

140 860 205 916 Pro
221 860 421 919 Beneficiatis
435 862 478 919 sic
493 862 597 919 habet:
626 861 814 919 Beneficiarii
828 863 897 920 sane
911 861 1067 922 fructuari-

70 991 77 999 .
115 938 313 1007 cruminstar,
334 941 462 1018 grandes
482 941 603 1001 arbores
614 941 764 998 succidere
778 960 836 999 non
857 953 989 1018 possunt,
1010 945 1069 1003 nisi

46 1010 78 1091 ‘fl
112 1036 135 1075 ea
146 1016 331 1088 observent,
353 1021 461 1097 quaein
476 1040 575 1077 rerum
590 1020 862 1078 Ecclesiasticarum
887 1022 1067 1082 alienatione

44 1088 80 1123 *¹¹
108 1097 352 1174 praescribuntur,
372 1106 399 1159 dr
411 1101 538 1176 pretium
564 1100 593 1155 in
615 1101 864 1176 comparationem
887 1102 1067 1177 praediorum

10 1219 21 1274 ἱ
53 1225 62 1235 .
107 1176 247 1235 Ecclesiae
263 1178 395 1247 utilium,
416 1179 579 1237 aliorumve
590 1179 749 1250 redituum,
771 1199 828 1237 non
844 1180 873 1236 in
890 1199 958 1238 usus
970 1181 1067 1240 Bene·

26 1242 68 1314 ¹¹¹.
103 1254 291 1315 boiariorum
303 1269 446 1317 vertatur.

10 1317 67 1379 'nl
133 1336 234 1406 Nota,
250 1338 337 1395 inter
344 1339 472 1415 grandes
482 1336 603 1398 arbores
611 1359 670 1397 non
680 1341 844 1418 computari
856 1340 928 1411 illas,
941 1360 1066 1418 quarum

59 1486 62 1493 Ι
99 1415 171 1472 rami
183 1416 322 1491 singulis
337 1419 544 1495 quinquenniis
559 1418 714 1477 detonderi
726 1420 832 1477 solent.

10 1475 63 1532 ⁵⁰³³*
133 1494 179 1553 X.
202 1496 381 1554 Difficultas
395 1507 538 1574 superest,
548 1498 695 1575 quomodo
708 1498 858 1556 dividendi
871 1500 930 1555 sint
940 1500 1064 1570 fructus,

10 1616 16 1626 -
97 1585 219 1633 mortuo
234 1587 293 1632 aut
302 1576 465 1634 desistente
475 1577 674 1635 Beneficiat0:
695 1579 773 1634 circa
784 1577 862 1654 quod
872 1580 890 1636 a
901 1580 1064 1639 l9circiter

97 1654 180 1713 annis
195 1654 381 1713 solemniter
394 1656 523 1714 decisum
539 1666 584 1713 est
598 1657 628 1713 in
639 1656 771 1714 Concilio
790 1656 966 1728 Brabantiae,
982 1660 1063 1736 qudd

97 1734 236 1793 baeredes
249 1734 395 1803 defuncti,
416 1755 444 1795 v.
457 1755 487 1812 g.
502 1736 651 1805 Pastores,
666 1755 724 1793 non
735 1735 861 1793 babeant
870 1734 921 1813 jus
936 1740 978 1795 sic
989 1739 1063 1796 arri-

98 1812 198 1891 piendi
213 1815 347 1883 fructus,
371 1824 405 1872 ut
418 1815 587 1892 relinquant
601 1814 776 1872 deservitori
786 1815 876 1891 juxta
890 1828 1061 1894 competen-

10 1884 48 1925 ’Ἢ
99 1894 168 1951 tiam
182 1912 366 1970 congruam,
377 1894 429 1952 sed
437 1894 566 1952 debeant
579 1894 746 1970 portionem
761 1904 958 1970 proventuum
971 1899 1062 1955 urata

15 2024 23 2034 .
100 1975 257 2051 temporis.
299 1972 354 2030 Lis
367 1984 432 2031 acta
445 1973 503 2030 suit
516 1973 595 2031 inter
606 1973 769 2050 Gasparem
779 1993 834 2030 van
856 1973 913 2031 den
929 1976 1061 2053 Weyen-

10 2045 49 2085 Ἥ
100 2050 190 2131 bergh
208 2051 375 2124 baeredem,
396 2058 422 2111 dr
443 2053 592 2114 Jndocum
614 2052 770 2122 Desinet,
792 2054 1005 2113 deservitorem
1030 2056 1061 2114 in

10 2118 51 2163 Ἢ
104 2132 287 2191 Mercktem.

10 2204 52 2263 Ψ·
135 2211 552 2290 Quantdmadlignacaedua,
562 2212 631 2271 alibi
646 2211 745 2271 sibiea
757 2212 885 2270 vindicat
899 2233 1059 2285 successor,

105 2290 148 2351 sub
162 2312 229 2369 quo
244 2302 366 2370 tempus
377 2293 508 2351 credendi
523 2291 703 2370 completur:
722 2291 791 2352 alibi
807 2312 860 2368 pro
870 2304 934 2349 rata
945 2306 1059 2371 tempo-

46 2360 57 2403 ²
104 2373 137 2429 ris
156 2382 308 2449 tanquam
333 2374 466 2449 proemia
487 2372 601 2430 servitii
624 2372 749 2448 praestiti
777 2371 957 2440 dividuntur,
979 2374 1060 2449 quod

12 2456 23 2481 ¹
48 2449 62 2483 ³
106 2452 208 2529 aquius
225 2457 252 2511 dr
266 2450 446 2509 laudabilius
460 2442 514 2509 e'st.
556 2451 591 2508 ln
613 2451 659 2507 lris
680 2460 800 2528 oportet
821 2450 973 2510 consulere
991 2472 1059 2510 con·

53 2528 62 2541 ’
106 2531 293 2593 suetudinem
307 2530 448 2599 locorum,
470 2534 496 2588 n
509 2550 594 2588 usum
608 2531 781 2587 vicinorum.

10 2606 68 2722 ᾖ]
133 2610 219 2687 Quid
238 2612 267 2669 si
283 2609 518 2669 usufructuarius
532 2609 686 2687 collegerit
710 2608 822 2667 fructus
844 2608 974 2667 nondum
997 2630 1057 2668 ma-

10 2688 21 2721 l
53 2686 70 2722 ⁰
108 2692 204 2750 turos?

10 2765 71 2803 ΤΒΕ
131 2770 170 2829 Β.
184 2769 563 2847 Juxtalegemasnigest.
583 2767 845 2835 “deUsnfructn‚’'
859 2767 1054 2845 lignacmdnn,

10 2838 71 2889 9⁵1²
105 2848 216 2920 ionum,
233 2850 348 2918 oleum,
363 2855 414 2907 &c
425 2848 631 2926 intempestive
642 2847 765 2906 collecta
775 2848 831 2925 ipsi
846 2848 1055 2924 acquiruntur:

10 2911 43 2964 ι·
103 2930 144 2988 sed
156 2929 208 2989 isti
221 2929 290 3007 legi
302 2928 430 3007 plurium
441 2928 667 2986 consuetudines
678 2926 880 2985 adversantur.
917 2929 976 2984 Per
987 2935 1056 2985 oa'n-

28 3064 36 3073 ,
101 3011 156 3067 dem
182 3008 290 3086 legem
316 3009 478 3066 fructuario
493 3008 667 3086 prohibetur
685 3006 825 3084 colligere
847 3007 1054 3085 intempestivo

10 3082 69 3151 Ἢ
98 3094 227 3166 pana&
244 3088 437 3145 vindemiam.
922 3088 927 3099 '

17 3161 66 3205 ⁵⁰¹²
130 3169 285 3241 Quaenam
297 3177 367 3225 sunt
381 3166 577 3245 obligationes
586 3164 825 3224 usufructuarii?

10 3218 63 3274 ”di
128 3248 192 3306 XI.
216 3248 262 3306 R.
287 3249 332 3305 1⁰.
353 3246 430 3306 Rem
446 3249 591 3323 integram
616 3244 814 3323 proprietario
839 3263 965 3302 servare.
1007 3248 1054 3299 2¹⁰.

10 3297 58 3384 'lm'
91 3328 153 3386 Nec
168 3346 230 3404 pro
246 3325 395 3384 fructibus
410 3326 542 3404 accipere
558 3325 616 3391 illa,
632 3345 696 3403 quat
709 3325 822 3381 fructus
837 3344 894 3380 non
910 3332 986 3379 sunt.

12 3394 51 3429 ΠΜ
127 3407 275 3466 Tenetur
290 3416 390 3463 autem
401 3426 464 3464 rem
475 3407 621 3481 integram
636 3424 764 3473 servare,
782 3406 826 3460 10.
841 3422 903 3459 eam
914 3421 971 3457 non
985 3421 1053 3458 con-

10 3552 12 3561 ,
89 3485 240 3545 sumendo
256 3484 485 3555 autalienando,
500 3484 630 3542 aretiam
640 3504 697 3541 non
710 3480 926 3547 deteriorando,
942 3480 1054 3539 scilicet

10 3570 12 3580 '
90 3566 171 3625 salso
186 3564 367 3634 usufructu3
387 3564 465 3624 unde
479 3572 598 3623 tenetur
613 3563 650 3622 de
675 3563 781 3623 damno
804 3560 856 3619 sua
878 3558 963 3637 culpat
985 3580 1053 3639 pro-

93 3646 243 3723 prietario
258 3644 351 3703 illato.

16 3708 63 3942 l
133 3744 202 3780 roc.
221 3741 256 3779 11.
585 3742 606 3783 r:

10 1783 51 1845 lit:
