2182 4036
121 168 179 230 118
498 180 687 227 rnnorsnns

117 288 186 350 Reli
209 287 282 361 ‘oso,
302 295 506 369 procuratore,
526 295 578 351 &u
591 289 649 351 nisi
662 285 790 349 habeant
803 285 835 345 id
848 282 1022 365 specialiter
1033 284 1041 301 '

117 384 186 428 man
209 368 276 428 etis.

156 448 271 521 Tertio,
284 456 319 507 nt
331 447 468 509 remissio
477 449 518 508 sit
528 456 691 528 spontaneo
708 444 891 506 &liberalisr
907 443 1022 505 under

113 526 194 588 rulet
204 527 265 599 ille,
286 547 353 607 quse
365 525 400 587 fir
413 548 453 587 ex
464 540 557 600 metu,
579 527 758 607 ignorantia,
781 523 897 595 fraude,
921 525 978 583 dcc.
990 534 1044 605 nt,

113 606 194 669 dicat
206 606 342 669 debitore
356 627 415 667 non
426 607 540 668 solvam
554 607 618 679 tibi,
639 607 695 667 nisi
711 604 867 664 dimidium
880 602 931 662 rel

114 686 264 756 dimittens
277 685 358 767 quod
371 706 431 747 non
444 687 514 749 rard
526 687 674 765 contingit
687 687 717 744 in
730 681 903 764 potentibus
917 680 1043 747 debitori

113 764 178 827 bus.
220 764 302 826 idem
318 764 475 826 dicendum
487 766 590 831 oitIm
612 765 714 837 eruit,
738 764 765 823 si
787 762 920 822 creditor
946 781 967 840 p
1014 832 1017 837 Ι

82 884 85 891 ·
112 844 257 915 remittat,
271 844 342 923 quia
350 845 578 924 eogitursubire
586 865 708 924 magnas
718 842 869 903 molestias
878 841 911 903 in
918 860 961 920 pe

113 922 298 994 solicitsndo,
323 924 375 984 din
395 926 591 1004 expectando,
614 927 666 984 dcc.
680 925 752 987 item
765 923 792 985 ci
805 919 925 981 debitor
938 921 980 980 iin
1021 990 1025 997 ,

113 1020 146 1062 se
158 1002 248 1139 lupnge
262 1003 479 1082 pauperiorem,
503 1007 593 1084 qnbm
606 1005 655 1075 sit,
679 1015 730 1062 eut
743 1001 839 1061 aliena
853 999 929 1059 feisa
949 1000 1023 1059 moti

114 1082 260 1142 attnerit.

158 1161 281 1235 Quarto,
302 1172 336 1222 ut
350 1163 484 1222 remissio
498 1182 558 1222 non
572 1163 686 1242 sitjure
699 1161 803 1220 irrite:
823 1159 866 1218 sie
880 1158 967 1219 Trid.

114 1240 162 1299 24.
175 1260 239 1319 cap.
253 1243 297 1299 12.
311 1251 328 1279 ‘¹
337 1241 532 1302 deReiorm.”
542 1242 657 1302 irritem
665 1242 738 1301 facit
746 1238 962 1309 remissionem,
973 1256 1055 1319 quen

114 1329 297 1379 attentarent
310 1321 408 1380 fucere
426 1331 587 1399 presentes
600 1322 632 1380 in
651 1321 745 1380 officio
764 1319 856 1387 chori,
877 1327 912 1376 ut
925 1317 1018 1377 abson

114 1399 283 1477 reciperent
296 1399 546 1473 distributionem,
566 1400 656 1460 etiam
670 1401 700 1458 in
715 1420 793 1470 cusu,
818 1397 868 1457 ubi
888 1396 977 1456 distri

115 1478 311 1555 presentibus
321 1479 471 1540 accrescit.

157 1556 249 1618 vili.
281 1557 417 1618 Secunda
441 1569 488 1618 est
510 1558 604 1619 libere
631 1561 657 1619 dc
690 1568 852 1637 spontanee
881 1554 1054 1634 competitio

114 1654 172 1714 qne
185 1636 316 1697 creditor
335 1654 400 1696 cum
415 1638 551 1699 debitore
563 1638 670 1699 'dubie
685 1639 813 1698 fortunae
825 1636 921 1695 libere
935 1635 1051 1695 omniuo

115 1717 254 1777 convenit
267 1715 305 1776 de
317 1717 426 1776 minori
447 1738 570 1777 summe.

154 1795 246 1867 Noto,
260 1797 336 1856 hanc
346 1799 594 1875 ‘compositionem
604 1817 663 1857 nou
677 1817 742 1856 esse
752 1796 877 1855 similem
892 1793 946 1866 ilii,
994 1796 1054 1854 uam

113 1874 227 1934 fuciunt
240 1877 436 1935 communiter
450 1876 612 1957 creditores
623 1897 689 1936 omn
703 1877 770 1948 iilis,
793 1875 844 1953 qui
857 1875 925 1933 foro
992 1881 1055 1941 unte

114 1953 167 2012 sed
180 1972 246 2012 esse
254 1954 409 2031 partialem
419 1954 513 2014 debiti
526 1957 748 2024 remissionem
770 1955 848 2013 unde
861 1954 990 2032 requirit
1000 1972 1056 2014 eas·

115 2032 184 2091 dem
197 2032 392 2103 conditiones,
413 2053 447 2093 ec
465 2035 531 2115 ipse
550 2037 704 2095 remissio:
728 2055 782 2094 nee
803 2044 924 2093 tenetur
944 2033 1057 2093 debitor

112 2110 184 2170 licet
195 2121 301 2191 postea
311 2112 349 2170 nd
362 2113 550 2193 pinguiorem
564 2115 715 2175 fortunam
728 2113 891 2186 devenerit,
911 2112 1055 2192 reliquum

115 2204 237 2249 summae
251 2190 359 2251 debitre
374 2193 522 2271 supplere.
1061 2198 1070 2217 ''

155 2270 215 2330 IX.
237 2270 342 2331 Tertia
355 2283 401 2330 ert
421 2281 440 2310 “
455 2275 619 2333 authoritas
635 2273 773 2352 judicis,”
800 2292 853 2331 seu
872 2270 1010 2331 remissio
1023 2258 1085 2349 01¹1

113 2349 249 2428 legitima
261 2368 349 2410 ceusu
362 2351 544 2412 authoritate
550 2354 660 2431 judicio
675 2353 803 2412 debitori
816 2353 903 2411 facta.
1082 2362 1085 2427 ζ

155 2428 256 2489 Debet
269 2429 306 2488 ed
321 2430 376 2489 hoo
391 2430 488 2510 judex
500 2442 611 2511 prester
632 2432 827 2492 necessariam
849 2430 1055 2491 authoritatem

114 2508 224 2570 hebere
236 2509 400 2587 legitimam
416 2530 543 2581 causum,
571 2511 683 2571 scilicet
703 2511 804 2571 velex
825 2511 934 2570 delicto
956 2511 1056 2570 suiten

111 2588 241 2666 juridice
256 2589 413 2662 existente,
428 2591 476 2650 vel
490 2611 528 2650 ex
543 2592 695 2669 exigentia
708 2591 776 2650 boni
792 2589 966 2649 communis.

154 2670 202 2727 2⁰.
223 2669 325 2730 Judex
351 2690 410 2729 non
434 2680 534 2749 potest
557 2671 644 2728 inniti
666 2671 746 2728 felem
767 2670 992 2748 praesumptioni
1012 2674 1057 2727 eut

114 2745 302 2822 probationi:
317 2748 385 2807 hino
398 2748 533 2808 illicitum
545 2760 591 2809 est
604 2760 706 2809 tenere
720 2750 760 2819 id,
776 2750 855 2828 quod
865 2750 931 2827 quis
940 2750 998 2807 sibi
1007 2764 1056 2826 per

113 2826 291 2884 sententiam
315 2846 469 2887 erroneam
490 2840 542 2887 ant
555 2829 673 2888 aliunde
696 2830 835 2908 injustam
859 2829 1056 2908 adjudicatum

114 2905 215 2973 norit3
230 2905 298 2982 quie
307 2909 454 2967 sententie
467 2929 525 2967 non
541 2910 682 2968 transfert
696 2909 868 2978 dominium,
883 2910 936 2967 sed
946 2906 1055 2966 tannim

115 2983 245 3043 declaret
256 2986 416 3045 secundum
430 2987 558 3125 allepate
571 2990 598 3048 tc
610 2990 744 3067 probata,
759 2990 805 3046 oui
820 3008 868 3046 res
882 2999 1040 3064 competat.

153 3065 202 3120 80.
222 3062 292 3122 Non
320 3067 426 3123 suffieit
448 3065 462 3144 j
507 3067 582 3127 icem
607 3078 660 3126 aut
688 3069 740 3147 jus
766 3067 879 3147 aliquid
904 3068 1055 3126 dumtaxat

112 3141 288 3221 permittere
311 3155 363 3202 aut
384 3144 522 3219 tolerare,
545 3167 572 3205 v.
586 3167 616 3225 g.
631 3147 807 3226 denegando
828 3147 986 3218 actionem,
1007 3146 1056 3206 sed

113 3219 202 3280 debet
216 3240 280 3281 esse
292 3243 363 3282 vere
377 3224 512 3285 remissio
525 3225 617 3305 ipsius
632 3226 744 3286 debiti:
760 3227 827 3285 hinc
841 3246 899 3285 non
916 3237 963 3286 est
977 3227 1055 3306 jndi-

113 3300 195 3360 oialis
208 3302 353 3372 remissio,
378 3304 496 3381 quondo
519 3307 774 3365 excommunicato
795 3325 853 3365 nnn
879 3305 968 3364 datur
981 3307 1056 3366 aetio

109 3380 230 3459 petendi
245 3381 387 3452 debitum,
403 3401 456 3440 neo
471 3385 589 3461 quando
607 3388 735 3464 emptori
749 3386 848 3446 mimis
860 3388 949 3467 quem
964 3388 1002 3446 ed
1013 3387 1054 3447 di·

112 3461 236 3521 midium
245 3461 380 3539 decepto,
391 3482 450 3521 non
460 3463 547 3523 datur
558 3465 645 3537 actio,
657 3486 710 3524 nec
720 3467 837 3544 quando
846 3467 924 3526 actio
933 3478 1057 3545 negetur

113 3539 167 3598 snb
181 3539 403 3618 prescriptione
416 3542 565 3614 Ceroline,
580 3545 631 3602 &e

153 3616 195 3677 X.
216 3619 321 3679 Tertia
334 3631 380 3679 est
394 3621 569 3700 compositio
591 3643 655 3681 cum
671 3643 786 3685 summo
801 3625 947 3685 Pontifice
961 3626 1058 3708 quoad

103 3699 190 3770 bono,
206 3717 335 3778 quornm
351 3700 484 3763 incertus
495 3712 541 3764 est
555 3701 703 3776 dominus,
716 3706 743 3762 tc
751 3706 870 3764 ineerta
882 3716 928 3765 est
942 3706 1059 3784 quenti·
