2160 4034
92 123 153 186 ³90
486 142 672 190 rnncrcrus

95 242 232 304 nitidem
246 242 376 314 Authur,
391 243 416 304 si
430 255 544 304 tuntum
556 259 700 308 cessatum
715 247 799 309 sitin
817 247 969 309 solutions
981 268 1034 309 cen·

93 325 154 393 eds,
168 322 221 383 sed
235 323 448 383 contradictum
463 326 584 387 etism·
601 346 771 404 possessore
787 328 875 387 fundi
890 327 996 398 fuerit;
1015 331 1035 386 t

95 402 133 463 alr
147 404 335 480 oppositione
347 405 526 479 possessoris
540 407 566 462 dc
580 407 705 466 scientie
716 426 750 466 ec
762 406 916 485 patientia
926 407 1036 466 Domini

93 480 216 540 fluxerit
225 481 429 558 longissimum
442 492 569 560 tempus.

137 561 196 620 111.
217 559 336 619 Deinde
359 561 389 618 in
411 560 547 621 censibus
566 561 790 623 dominicalibus
808 562 966 642 prescribi
979 584 1036 643 poc

94 649 164 699 sunt
177 642 266 698 annui
280 658 407 699 conones
420 639 499 698 ultru
512 643 551 699 ⁸0
564 661 656 701 runos
670 640 773 701 debiti.

135 717 190 780 lv.
211 718 528 779 Verosimiliteretiam
544 720 573 778 in
585 721 720 781 censibus
731 720 962 781 dominicalibus
971 741 1035 800 prte-

95 797 182 858 scribi
196 808 296 875 potest
311 809 410 876 quotu,
424 818 571 870 mensura,
585 818 679 877 genus
690 811 825 870 moneto,
839 801 1037 862 frumentium

93 876 238 945 animulis,
259 877 306 936 vel
330 877 411 936 uliud
434 878 504 958 quid
529 878 767 951 eccideutcrium,
788 900 849 960 quo
868 900 929 939 non
944 880 1037 940 absur-

90 955 179 1015 betur
202 957 266 1033 ipse
280 976 395 1027 census,
415 957 468 1016 scd
487 969 619 1018 mutatur
632 970 746 1018 tuntum
761 958 878 1030 formu3
898 970 934 1019 ut
946 961 1034 1020 refert

92 1034 171 1094 idem
186 1035 308 1094 Author
322 1036 421 1094 stetim
436 1037 553 1097 citatus.

132 1115 171 1175 V.
193 1114 258 1173 Alii
282 1135 385 1175 census
403 1136 461 1174 non
476 1115 675 1187 dominicales,
696 1117 748 1176 sed
761 1117 905 1197 emptitii,
925 1117 958 1177 in
971 1117 1034 1178 Bel·

92 1195 143 1273 gio
157 1204 219 1252 tum
233 1194 330 1273 qnoud
344 1215 487 1255 summum
501 1196 666 1275 cupitulem‘,
687 1199 775 1276 qudm
790 1197 929 1257 conones
943 1217 1033 1258 cesses

92 1272 324 1353 prcescribnutur
336 1274 473 1352 ternpore¹
485 1278 524 1335 30
537 1294 698 1337 annornm:
726 1276 806 1336 uude
818 1276 1002 1349 censuerim,
1019 1297 1034 1336 r
1067 1272 1074 1311 ¹

92 1373 152 1433 qno
174 1364 309 1432 tempore
333 1356 373 1411 ³0
394 1373 537 1413 annorum
561 1374 665 1415 census
687 1375 746 1414 non
769 1354 828 1414 fuit
848 1357 974 1434 petitus,
1000 1357 1031 1416 ud
1063 1352 1074 1410 l

90 1432 165 1491 nihil
189 1431 316 1511 umpliris
340 1444 467 1493 tenetur.
516 1433 560 1494 Ut
579 1445 678 1494 tumen
699 1427 888 1513 praescriptio
909 1436 952 1494 sit
966 1435 1031 1514 le'gi·
1063 1426 1074 1466 Ἢ

90 1511 173 1582 timu,
193 1512 355 1592 requiritur
377 1511 454 1571 bone
473 1513 548 1573 fides
570 1524 602 1572 et
619 1515 742 1575 titulus:
762 1533 797 1573 uc
810 1515 855 1574 its
868 1525 1030 1574 constanter
1063 1499 1074 1545 ⁰

87 1588 225 1668 judicari,
239 1602 367 1650 testetur
378 1591 553 1659 stockmons
566 1592 715 1655 decisione
729 1596 777 1654 81.
787 1599 813 1652 81
825 1605 966 1654 statuunt
977 1593 1028 1675 ple·
1063 1567 1074 1623 l

91 1689 191 1749 nmque
207 1670 305 1748 Belgii
320 1672 555 1731 consuetudines.
1065 1646 1074 1703 l

129 1751 225 1812 Juxta
248 1751 378 1809 edictum
401 1753 505 1830 quinti
526 1752 630 1811 Martii
653 1770 730 1812 cunc
751 1753 837 1810 1571.
856 1753 1027 1826 censuarios,

90 1830 141 1908 qui
156 1828 245 1889 debet
260 1830 394 1889 conones
408 1850 460 1890 seu
475 1832 647 1903 Pensiones,
667 1851 695 1891 r.
709 1852 739 1910 g.
753 1834 772 1890 ⁷
786 1831 833 1892 vel
847 1834 869 1891 8
882 1853 1027 1904 annerum,
1067 1805 1074 1860 ξ

91 1909 158 1990 cogi
172 1929 231 1970 non
246 1920 346 1990 potent
358 1911 396 1970 sd
410 1911 567 1972 solvendos
577 1910 678 1990 plures
687 1912 830 1981 cruores,
845 1911 937 1990 quim
948 1915 1028 1972 trium
1069 1904 1074 1942 ²

88 2011 242 2062 annorum,
272 1992 329 2050 nisi
353 1992 500 2050 censuiste
521 1990 911 2069 juridicevinterpellurerit
936 1992 1028 2052 censu·

89 2070 194 2139 crium,
210 2069 256 2128 vel
271 2069 319 2128 hic
332 2069 474 2129 dilutione
488 2071 583 2148 petitis
596 2089 628 2129 sc
642 2070 806 2129 soluturum
818 2072 1028 2149 spoponderit:

89 2149 133 2208 ite
147 2149 256 2208 habent
271 2149 357 2208 varlae
373 2150 472 2228 Belgii
487 2149 724 2208 consuetudines.
774 2149 843 2208 Hoc
857 2162 959 2210 tumen
974 2163 1028 2210 tuu-

88 2237 151 2287 tum
173 2229 269 2287 locum
295 2229 384 2287 habet
405 2249 459 2306 pro
480 2230 547 2287 foro
569 2240 704 2300 externo,
724 2248 782 2286 non
804 2248 860 2306 pro
881 2230 951 2291 foro
970 2250 1029 2290 cen-

91 2308 230 2366 scientio.
270 2307 349 2368 Vide
364 2309 404 2367 N.
418 2311 456 2366 31
472 2311 506 2367 dc
518 2309 591 2370 Jnre
603 2319 630 2367 et
640 2309 716 2370 Just.

129 2389 225 2446 Porro
239 2387 370 2446 moribus
384 2389 493 2446 nostris
511 2398 648 2446 censetur
666 2388 836 2446 censuarios
850 2388 881 2446 in
896 2387 1027 2448 censibus

91 2465 314 2526 dominicalibus
328 2467 399 2524 satis
414 2467 550 2538 monitus,
565 2467 633 2525 dum
651 2468 796 2526 Dominus
809 2477 862 2526 cut
877 2467 1029 2547 Toparchu

91 2547 140 2607 die
170 2548 196 2604 dc
229 2546 295 2605 loco
319 2545 468 2605 ordinario
493 2549 669 2625 expectavit,
698 2557 732 2605 ut
753 2566 871 2606 cunnos
895 2547 1028 2624 Oenones
1072 2602 1074 2631 Ε

87 2636 251 2773 ηῦὸἓθιὶῖζ,
280 2723 346 2783 qnoe
369 2712 503 2782 spectent
522 2705 559 2763 cd
584 2704 659 2763 hunc
680 2705 844 2776 materiem,
864 2707 1028 2784 prtesertim

88 2785 185 2867 quoad
200 2783 443 2860 redemptionem,
464 2785 490 2842 8r
504 2803 575 2853 rem,
596 2803 684 2862 super
697 2785 756 2866 qui
769 2803 874 2843 census
887 2787 1027 2845 constitui

87 2873 195 2943 potest,
218 2863 310 2921 videri
326 2872 448 2940 possunt
462 2862 539 2940 opud
558 2862 785 2940 jurisconsultos
800 2863 952 2942 Belgicus,
974 2864 1026 2944 Zy-

109 2963 183 3002 mum
207 2943 236 3000 in
261 2943 368 3002 notitia
386 2941 464 3020 juris
488 2941 612 3020 Belgici,
635 2943 777 3003 Anselmo
792 2943 822 3000 iu
838 2943 1025 3004 Trebonicno

87 2964 222 3099 lielgico,
245 3022 419 3082 Stockmuns
441 3020 470 3079 in
494 3021 554 3079 suis
577 3021 791 3081 decisionibusr
812 3042 851 3080 ex
866 3022 1026 3103 Theologis

87 3103 159 3163 verd
168 3101 300 3180 apudDe
311 3101 400 3180 Cocq.
411 3100 644 3160 continuatorem
654 3101 685 3160 N
687 3120 782 3175 eescn,
791 3103 975 3178 Brnunmnn,
980 3105 1028 3162 &c
