2160 4034
62 104 151 166 “m
413 148 416 153 .
490 115 687 161 ranorarns·

59 224 62 230 “
92 232 157 282 tum
180 220 353 298 juramento
378 217 634 290 confirmatorium
653 220 742 280 ΜΟ.
763 219 795 280 Si
817 220 1030 283 cunimundi
1076 259 1080 264 -

61 318 68 328 ·’
93 301 190 360 factus
205 298 411 375 eprofessuris
421 298 607 376 religionem.
647 299 722 357 Hoeo
735 299 853 377 dejure
863 303 1019 360 communi.
1074 339 1080 348 ·

137 379 281 439 Similiter
288 376 379 455 juxta
392 378 528 436 Lessium
539 377 635 437 valide
646 378 824 437 contrahunt
834 377 974 456 debonis
981 399 1034 441 ott·

95 458 282 518 transibus&
297 456 592 534 quasi-castrensibus
605 458 669 517 aine
683 457 865 517 authoritate
876 458 997 519 tutoris.

137 537 180 596 Ut
194 546 293 595 autem
307 535 436 614 pupillus
450 546 502 594 aut
526 536 705 598 minorennin
726 536 856 595 alienare
870 537 1035 614 possitrere

96 615 288 685 immobilem,
303 626 355 674 ant
365 615 504 673 mobilem
517 615 687 692 pretiosam,
698 625 732 675 ut
742 626 959 694 suntgemmta,
973 636 1035 676 rare

94 705 361 835 ilii-”illidii
375 694 1038 853 {tutti“titbrtttltfftttttt
1068 734 1080 821 :¹

95 854 240 922 venditio,
268 853 389 913 donatio
416 862 467 913 ant
493 852 672 931 pignoratio,
699 854 852 914 servitutis
880 854 1036 933 impositio
1062 893 1063 899 κ

95 931 351 1011 cessiojuriadm.
942 982 945 987 ,
1024 996 1026 1003 Ι
1061 972 1064 983 ,,

135 1012 210 1074 Vll.
232 1012 266 1070 ln
292 1012 400 1090 Belgio
427 1011 577 1090 pleraque
604 1011 981 1083 cousuetudines‘habent,
1007 1024 1032 1075 nt
1061 1023 1079 1064 ἰ

96 1100 266 1153 contractus
286 1111 389 1152 omnet
411 1091 591 1169 pupillorum
612 1112 647 1150 ao
669 1093 816 1150 minorum
838 1112 899 1151 non
921 1102 1031 1153 teneant
1075 1120 1080 1123 ¹

96 1172 161 1231 sine
184 1170 366 1230 authoritate
389 1170 498 1229 tutoris
521 1170 598 1240 initi,
621 1170 678 1229 nisi
701 1171 878 1248 inquantum
901 1171 962 1230 illie
975 1184 1029 1233 suot
1054 1215 1056 1220 ι

95 1249 194 1310 utiles.
236 1250 284 1309 Ita
296 1250 390 1309 refert
404 1248 597 1309 Christinaus
611 1251 661 1307 cit.
676 1250 723 1308 tit.
740 1252 784 1308 19.
805 1260 861 1308 art.
876 1252 925 1308 22.

141 1330 275 1403 Quoestio
288 1339 344 1398 est,
352 1349 389 1388 an
398 1327 503 1408 pupilli
514 1334 540 1387 dr
551 1328 680 1388 minores
693 1328 903 1388 contrahentes
913 1330 944 1388 in
959 1349 1027 1391 sunu

95 1408 315 1468 incommodum
328 1409 392 1467 sine
402 1425 547 1467 consensu
560 1408 677 1479 tutoris,
690 1428 750 1468 nou
761 1417 920 1469 teneantur
930 1408 1026 1488 oblige-
1051 1443 1052 1448 1

96 1489 179 1548 tione
192 1488 329 1557 naturali,
344 1507 395 1546 seu
407 1488 436 1545 in
451 1487 653 1546 conscientia?

136 1566 229 1628 Vlll.
243 1568 281 1626 R.
303 1567 339 1627 ld
347 1566 580 1626 controvertitur
590 1587 599 1624 t
611 1567 659 1624 De
671 1566 751 1644 Cocq
761 1565 871 1645 aliique
885 1567 1027 1640 sustinent,

96 1646 227 1726 pupillos
240 1646 371 1706 infantia
383 1645 536 1724 proximos
549 1645 706 1726 nequidem
716 1644 892 1706 naturaliter
900 1646 1029 1724 obligori;
1061 1664 1068 1675 ¹

97 1728 143 1785 uti
156 1745 210 1784 nec
223 1725 378 1804 pupillum,
402 1727 453 1803 qui
466 1735 599 1783 mutuum
614 1725 736 1816 accepit,
758 1735 810 1783 aut
823 1725 876 1802 qui
894 1727 1028 1785 contraxit
1057 1742 1064 1755 ·

96 1803 733 1962 tltltlt:”ttlttttlttllttttttt
742 1802 1029 1961 ltltttlttt'l
1062 1800 1071 1907 ἶ

261 1926 269 1953 t
627 1927 635 1951 r
1019 1917 1030 1931 ⁸
1065 1920 1071 1929 ⁸

97 1962 241 2025 uectibus
254 1962 406 2021 resistunt.
447 1962 561 2022 Verum
580 1971 721 2039 quantum
732 1963 770 2021 ad
783 1962 1030 2033 alioscontractur,
1076 1997 1080 2006 =

97 2040 169 2099 licet
192 2040 296 2118 pupilli
319 2061 378 2099 non
403 2038 572 2117 obligentur
585 2040 722 2111 civiliter,
749 2052 855 2120 putant
868 2052 967 2102 tamen
988 2061 1031 2103 eos
1070 2056 1074 2063 '

97 2118 224 2197 obligari
250 2119 433 2190 naturaliter,
458 2118 561 2195 sijum
586 2120 645 2178 sint
668 2121 798 2180 minores
821 2130 873 2179 aut
893 2120 1033 2198 pubertati

96 2199 246 2277 proximi:
268 2197 394 2276 probant
408 2198 523 2275 exlege
539 2199 573 2257 Sr
586 2216 737 2258 rumonus
749 2199 801 2259 lib.
815 2202 863 2263 35.
876 2201 983 2278 digest.
992 2200 1033 2260 tit.
1075 2180 1080 2250 l

97 2277 246 2356 2.8rlege
262 2279 288 2337 1.
309 2275 361 2336 lib.
374 2281 424 2336 46.
437 2278 484 2336 tit.
498 2280 526 2335 2.
539 2277 611 2336 item
625 2298 664 2336 ex
685 2298 731 2349 eo,
759 2279 885 2356 quodsi
907 2279 1062 2341 taliam-³

96 2359 205 2417 tractui
229 2377 283 2437 pro
309 2357 422 2435 pupillo
443 2357 612 2416 accesdsset
633 2356 798 2435 fidejussor,
825 2357 874 2417 hic
893 2358 1035 2438 obligetur
1075 2392 1076 2396 ,

97 2436 242 2496 uiriliter:
257 2456 329 2515 ergo
340 2435 468 2515 pupillus
479 2435 629 2514 obligatur
639 2437 831 2508 naturaliter;
845 2439 915 2516 quia
925 2459 964 2499 ex
974 2460 1035 2501 cou-
1073 2472 1075 2478 v

97 2525 196 2577 tractu
216 2516 347 2595 undique
370 2514 452 2575 nullo
465 2535 524 2575 oon
537 2525 637 2593 potest
651 2516 722 2575 oriri
737 2515 879 2596 obligatio
899 2518 995 2581 civilia
1008 2520 1037 2578 in

96 2594 281 2675 fidejussore.
321 2595 453 2673 Legibus
473 2595 619 2674 oppositis
638 2605 762 2655 conatur
774 2597 957 2676 respondere
979 2598 1036 2659 Bil·
1070 2638 1073 2675 :

96 2673 253 2815 ludibmnt
265 2743 429 2826 Anthores,
443 2754 521 2834 quod
531 2754 659 2834 pupillus
668 2755 816 2833 pubertati
828 2757 982 2835 proximus
991 2768 1037 2817 aut
1063 2736 1079 2825 ,l

96 2834 194 2895 minor
203 2836 380 2896 contrahens
394 2856 459 2894 cum
470 2834 576 2913 majori
587 2836 650 2894 sine
661 2836 841 2895 authoritate
855 2837 975 2907 tutoris,
984 2853 1038 2897 noo
1069 2871 1076 2909 3

99 2913 249 2995 obligetur
257 2915 362 2994 majori
376 2916 480 2975 saltem
494 2915 630 2986 civiliter,
641 2915 694 2974 sed
704 2916 846 2994 majorem
855 2916 912 2975 eibi
922 2915 1038 2995 obliget,

93 2996 163 3070 jure
177 2993 219 3051 ita
233 3004 398 3054 statuente:
419 3005 438 3033 “
451 2995 495 3054 Ut
505 2995 674 3053 Minoribus
687 3005 758 3054 retas
769 2995 799 3054 in
810 2995 925 3054 damnis
940 2995 1039 3056 subre·
1072 3018 1073 3022 ¹

97 3080 116 3110 “
130 3072 219 3141 niret,
228 3074 254 3130 a
264 3073 294 3131 in
306 3077 447 3151 prospere
458 3074 549 3150 gestis
561 3093 618 3132 non
630 3073 773 3133 obesset.’'
807 3074 896 3135 Unde
904 3074 1039 3138 dicuutur

98 3162 266 3212 contractus
280 3151 450 3230 hujusmodi
464 3153 628 3212 claudicare
642 3172 680 3211 ex
694 3172 752 3212 una
761 3164 855 3232 parte.

109 3272 112 3283 -
138 3230 197 3291 IX.
216 3230 342 3309 Pupillis
356 3241 387 3290 et
400 3231 562 3291 minoribus
573 3253 612 3291 ex
626 3243 778 3292 contractu
793 3233 891 3293 ralldo
905 3231 1040 3295 notabili·
1078 3271 1080 3274 -

98 3320 147 3369 ter
159 3309 239 3369 loesis
253 3312 424 3369 conceditur
436 3311 611 3369 beneficium
626 3313 824 3372 restitutionis
838 3312 868 3371 in
882 3313 1039 3393 integrum,

97 3388 135 3449 de
169 3409 207 3448 un
221 3389 350 3448 diximus
364 3388 456 3449 Num.
469 3393 517 3449 32.
538 3399 556 3427 ‘⁶
567 3392 604 3450 de
618 3392 694 3453 dure
708 3402 740 3451 et
753 3393 775 3455 J
777 3393 904 3462 ustitia?

33 3536 40 3546 .
166 3469 229 3528 aria
248 3469 368 3547 insuper
392 3470 580 3548 disputantur
603 3470 640 3529 de
661 3470 818 3532 habilitate
837 3473 1040 3551 prodigorum,

95 3546 362 3610 liliorum-familias
375 3558 405 3609 et
419 3569 547 3610 uxorum
555 3548 594 3609 ed
607 3551 849 3626 contrahendum,
870 3553 948 3613 sicut
961 3553 1043 3615 etde

1048 1504 1078 1737 -τι-ι-ῡ
