2160 4034
72 147 131 205 222
461 161 648 205 reuersum

62 265 236 343 sclopetum
251 265 288 324 ad
302 273 393 342 caput
406 273 458 323 aut
472 284 533 336 cor,
547 266 584 324 ed
597 263 678 345 qnod
692 265 768 324 ictus
779 284 839 323 non
848 274 931 325 esset
939 264 1016 328 aliter

17 358 20 363 “
73 346 146 404 satis
156 344 327 403 defensivus
337 345 465 422 proprie
476 345 564 412 vitan
584 345 664 423 qudd
678 344 703 403 si
716 345 794 405 ictus
807 345 950 417 directus,
963 365 1016 426 ng.

63 423 111 483 .ad
124 444 220 495 crura,
235 435 314 483 esset
327 425 400 482 setis
414 424 595 493 defensivus,
609 424 663 482 teli
676 444 744 482 cusu
759 425 921 502 dirigendo
934 426 1016 486 ictum

72 501 110 561 ad
124 514 213 580 ceput
227 503 275 562 rei
288 524 349 573 cor,
365 503 526 562 excederet
538 502 740 574 moderamen,
755 516 786 562 et
799 515 948 582 peccaret.

114 582 186 660 obj.
208 583 269 643 III.
290 584 322 642 si
343 584 415 656 licet
433 586 475 640 sic
495 583 642 652 occidere,
665 583 737 641 licet
757 584 847 641 etiem
868 585 1017 646 intendere

71 673 217 731 mortem
238 664 307 740 quia
320 662 391 720 licet
405 663 481 720 velie
495 663 536 732 id,
551 663 631 740 quod
644 663 715 721 licet
728 663 838 722 facere.

112 743 151 801 R.
172 742 394 819 Distinguendo
414 761 543 820 assump.
565 742 766 818 probationis:
794 743 866 800 licet
887 742 964 801 velie
983 744 1016 815 id,

72 821 153 899 quod
170 821 241 880 licet
258 822 366 892 facere,
387 821 506 899 quando
526 823 557 879 id
579 821 609 878 in
630 841 663 879 se
681 821 805 879 licitam·
816 832 873 889 est,
885 823 1017 883 concedo

70 920 199 978 assump.
214 900 332 979 quando
350 901 465 960 tantum
479 901 671 978 consequitur
685 913 782 959 actum
796 901 922 972 licitum,
942 913 974 961 et
984 903 1015 961 th

71 1001 108 1040 eo
132 981 199 1059 quis
223 981 520 1040 excusatnrdefectu
545 980 714 1049 voluntarii,
736 1000 815 1058 nego
835 983 1015 1058 assumpsit

69 1059 186 1119 licitum
208 1072 256 1119 est
275 1059 464 1119 confessario
485 1079 518 1118 se
538 1059 713 1136 permissive
734 1060 844 1118 habere
862 1060 902 1118 ad
924 1073 1014 1120 motos

68 1151 182 1217 turpes,
197 1140 248 1218 qui
258 1139 397 1199 oriuntur
407 1160 446 1199 ex
456 1139 609 1199 anditione
620 1140 826 1207 confessionis3
846 1150 1010 1199 nontamen

60 1217 141 1278 iicet
153 1239 206 1278 eos
219 1219 384 1279 intendere.

111 1298 183 1375 obj.
206 1299 260 1359 lV.
283 1299 313 1357 S.
334 1299 524 1377 Augustinus
544 1297 597 1356 lib.
621 1301 646 1355 l.
666 1297 735 1356 “de
757 1297 853 1357 iihero
882 1297 1014 1358 arbitrid'

70 1397 133 1456 cap.
153 1380 182 1437 5.
203 1378 292 1436 dicit:
320 1379 423 1452 “Quo
447 1390 535 1456 pacto
558 1378 626 1436 illos
646 1377 814 1445 defendam,
835 1378 887 1456 qui
908 1379 1011 1437 interii·

69 1466 88 1496 “
103 1457 195 1527 ciunt,
209 1477 247 1515 ne
266 1458 491 1528 interficiantur,
510 1479 570 1517 non
583 1456 733 1516 invenio.’'
773 1457 815 1514 Et
828 1456 867 1514 cd
883 1457 1011 1518 Publice·

68 1535 129 1595 iam
150 1537 248 1614 Epist.
269 1538 334 1595 154.
375 1538 454 1595 “De
476 1537 645 1597 occidendis
669 1536 847 1606 hominihus,
868 1556 907 1595 ne
928 1538 965 1596 ah
985 1539 1012 1597 iis

68 1617 264 1755 mccidatur,
292 1634 351 1676 non
378 1616 452 1674 mihi
478 1616 576 1695 piacet
601 1616 767 1687 consilium,
794 1617 851 1674 nisi
879 1616 962 1677 forte
979 1619 1010 1676 sit

103 1696 166 1766 'es,
181 1696 250 1756 &c.”

111 1777 257 1835 Similiter
287 1777 317 1836 S.
339 1775 517 1834 Ambrosius
545 1775 650 1835 lib-t.
679 1776 766 1836 offic.
790 1797 854 1855 cap.
878 1778 906 1834 h.
933 1775 1011 1837 dicit.¹

68 1855 182 1914 “Mihi
203 1877 262 1914 non
282 1855 410 1925 ridetur,
435 1854 515 1932 qudd
536 1855 583 1913 vir
604 1854 781 1915 christianus
805 1875 947 1993 <perere
965 1857 1012 1916 eibi

68 1943 88 1972 “
101 1936 193 1993 vitam
208 1935 306 1994 alieni
318 1945 416 1993 morte
430 1932 547 2004 debeat,
569 1935 619 2012 qui
638 1935 755 1994 etiamsi
769 1936 799 1992 in
825 1946 960 1995 ettonem
974 1956 1012 1995 ar·

67 2022 214 2073 “matum
235 2015 356 2083 incidat,
376 2014 534 2072 ferientem
549 2013 673 2073 referire
685 2035 745 2072 non
760 2015 864 2093 possit,
888 2035 928 2074 ne
948 2014 1011 2074 dnn

65 2102 84 2130 ‘⁴
99 2094 225 2152 salutem
237 2093 379 2162 defendit,
393 2094 536 2171 pietatem
546 2094 753 2152 contaminet.’³
786 2095 904 2153 Similia
925 2093 1009 2154 hahet

61 2171 118 2231 tib.
131 2176 160 2231 3.
173 2173 204 2231 in
219 2174 332 2232 Lucam
347 2192 410 2250 cap.
424 2175 472 2230 22.

108 2254 147 2312 Β.
170 2253 200 2312 8.
222 2253 329 2313 Thom.
349 2263 512 2330 utrumque
529 2251 627 2311 locum
652 2253 683 2312 S.
701 2253 866 2332 Augustini
884 2253 959 2313 dicit
977 2254 1016 2313 in·

60 2331 163 2410 ‚telligi
179 2333 289 2392 debere
309 2333 346 2391 de
364 2333 410 2402 iis,
435 2333 486 2410 qui
505 2332 665 2391 intendunt
686 2333 831 2404 occidere,
852 2352 891 2393 ne
901 2333 943 2392 ab
957 2334 1018 2393 aliis

62 2412 249 2471 occidantur.
636 2460 639 2465 .
863 2436 865 2441 ·

109 2491 230 2550 Deinde
243 2491 335 2550 verba
349 2492 458 2570 prioris
479 2493 582 2552 textus
601 2493 690 2570 juxte
710 2492 899 2551 novissimam
915 2492 1018 2552 editio·

68 2590 137 2628 nem
153 2572 363 2642 Parisiensem,
384 2592 443 2629 non
458 2583 526 2630 sunt
542 2573 572 2631 8.
587 2573 760 2648 Augustini,
782 2573 833 2630 sed
850 2573 882 2630 S.
901 2572 1018 2642 Erudit,

68 2650 115 2708 cui
129 2653 292 2729 respondet
315 2652 345 2710 8.
362 2651 569 2728 Augustinus:
590 2661 608 2689 ‘⁶
620 2652 721 2711 Multd
742 2652 840 2710 minius
859 2672 917 2729 ego
940 2653 1018 2710 inve-

68 2737 88 2765 “
103 2729 168 2787 nire
181 2751 301 2807 possum
321 2751 373 2789 cur
387 2730 556 2789 hominibus
579 2730 781 2789 defensionem
797 2750 922 2809 quaeras,
944 2749 1018 2809 quos

69 2816 88 2845 “
102 2827 171 2866 reos
182 2810 262 2868 nulla
270 2808 320 2868 lex
330 2809 438 2868 tenet.'’
472 2810 611 2888 Replicat
621 2821 721 2869 eutem
732 2810 879 2868 Evodins:
900 2810 1018 2869 “Nulla

68 2895 88 2924 “
103 2888 241 2958 fortasse,
257 2889 310 2947 sed
324 2909 424 2948 earum
437 2889 546 2968 legum,
561 2910 626 2988 (pum
637 2890 673 2947 ab
685 2891 855 2948 hominihus
864 2889 1018 2966 leguntur3

67 2976 86 3005 ‘⁸
99 2986 168 3024 nam
182 2969 291 3038 nescio,
304 2980 405 3027 utrum
417 2989 475 3026 non
487 2969 587 3046 aliqua
600 2969 823 3028 vehementiore
836 2989 871 3027 ac
885 2969 1018 3028 sacratis·

68 3054 86 3083 “
100 3045 176 3105 sinui
188 3047 256 3124 lege
270 3048 454 3107 teneantur.”
496 3049 585 3106 Hanc
604 3049 824 3108 distinctionem
850 3049 973 3126 quidem
991 3047 1018 3106 in

68 3144 122 3184 sua
145 3126 342 3203 generalitate
363 3128 509 3205 approbat
535 3129 565 3187 S.
580 3129 661 3205 Aug.
674 3128 727 3185 sed
752 3148 811 3186 non
831 3140 867 3186 ut
885 3127 1018 3187 absolute

66 3224 179 3274 veram,
204 3205 257 3264 sed
271 3205 458 3265 solummodo
472 3217 507 3264 ut
520 3207 662 3265 fidentem
677 3218 708 3264 et
722 3206 865 3264 sublimia
885 3207 1018 3286 quedam

68 3294 231 3362 petentem,
259 3285 426 3344 inchoatam
454 3297 554 3344 tamen
574 3285 731 3366 minusque
758 3289 942 3364 perfectam3
968 3306 1018 3345 nec

70 3382 135 3423 eam
150 3364 279 3443 applicat
292 3364 431 3422 occisioni
445 3365 600 3424 invasoris.
626 3432 631 3441 ,

105 3443 170 3502 Alii
184 3445 295 3514 dicunt,
310 3443 406 3520 ipsum
423 3444 453 3503 S.
467 3444 674 3522 Augustinum
688 3445 777 3503 fateri
790 3443 842 3502 lib.
856 3448 881 3502 l.
895 3444 1018 3504 Retrac-

61 3523 210 3582 tstionem
226 3543 288 3601 cap.
299 3524 327 3580 9.
341 3521 421 3602 qudd
436 3523 465 3579 in
479 3522 565 3583 libris
579 3524 617 3582 de
630 3523 727 3582 libero
742 3523 866 3583 arbitrio
880 3524 947 3602 plue
963 3524 1018 3582 ‹lis-

66 3602 211 3679 putative,
232 3604 320 3685 quim
343 3602 489 3661 assertive
502 3602 653 3683 loquatur,
676 3613 766 3682 prout
780 3605 870 3661 etiem
884 3614 971 3682 patet
984 3623 1018 3663 ex

60 3699 112 3754 reo,
125 3682 206 3760 qudd
215 3683 251 3742 in
265 3682 364 3745 citatis
373 3680 455 3742 'iocis
475 3682 550 3759 nihii
563 3682 723 3744 admodum
735 3682 865 3743 finaliter
877 3682 1018 3745 resolvat.
