2160 4034
92 117 151 177 318
404 166 408 173 .
467 132 663 176 raacrsros.

134 237 280 299 Similiter
292 246 503 297 testamentum
523 238 684 317 conjugum
705 238 895 318 reciprocum
912 241 1030 301 revo'tui
1071 262 1080 266 ··

90 327 209 410 potest·
233 317 774 385 1⁹.Mumoccnseneu;2⁹.1ltiam
789 318 1051 394 alterspartain·
1067 335 1080 356 ¹·

92 399 161 466 scie,
185 397 280 455 inrita
299 397 347 455 vel
370 407 559 474 premortua,
581 397 672 475 idque
692 398 809 455 etiamsi
829 396 952 475 adjeaa
965 396 1029 459 foret
1049 416 1052 423 ’

93 476 251 554 promissio
266 475 303 534 de
316 495 376 534 nou
390 476 566 547 revocando,
581 490 632 534 eut
652 477 786 535 additum
799 477 892 544 foret,
908 477 1031 536 mutatio·
1054 505 1055 510 ¹

93 576 161 614 uem
176 574 241 614 sine
250 565 354 612 mutuo
364 575 508 613 consensu
519 555 583 613 fieri
598 574 656 613 non
672 575 769 633 posse.
801 556 938 613 Lucrum
949 564 1031 616 tumn
1055 579 1080 605 η·

89 645 144 697 aut
167 634 329 693 favorem
322 652 352 691 m
373 633 424 692 illo
438 633 475 693 ali
489 635 583 693 altero
602 645 689 714 parte
710 635 878 713 prestitum
899 652 1028 695 revocata

92 714 214 793 perdit
206 732 236 771 ιιι
251 712 425 789 quibusdam
440 713 522 772 locis.
1055 749 1057 755 ,

132 794 223 862 Nota,
248 793 375 850 hicnon
400 793 449 870 agi
470 791 507 851 de
530 793 624 870 pectis
648 791 915 871 antenuptielibus,
939 743 1030 868 quibus

93 892 121 931 v.
129 892 159 950 g.
174 872 309 932 alterutri
324 871 483 950 oonJogum
494 872 647 950 superstiti
656 873 829 950 assignatur.
834 881 919 929 certa
933 872 1032 947 pensio,
1078 915 1080 920 ,

88 952 286 1021 ususfructus,
311 951 489 1029 particulare
509 951 662 1029 praedium,
680 957 731 1010 &a
745 970 811 1029 qum
832 962 924 1028 pacta
941 968 1032 1009 ιιιιιιι·

93 1030 164 1089 dum
178 1051 210 1090 ee
225 1031 322 1089 valida
336 1041 404 1089 sunt
417 1032 444 1088 ds
457 1030 672 1089 irrevocabilia.

88 1157 93 1167 .
132 1110 250 1184 Quid
227 1128 253 1167 si
268 1119 476 1168 testamentum
487 1109 659 1187 juramento
672 1111 712 1168 ait
726 1109 963 1168 confirmatum?l
1067 1079 1080 1194 i

136 1189 196 1247 lll.
217 1189 256 1248 R
278 1187 406 1248 Debet
394 1201 595 1282 Juramentum
616 1189 738 1258 servari,
768 1189 838 1247 dum
858 1197 962 1267 potest
979 1188 1034 1248 sine

93 1267 197 1326 salutis
218 1269 391 1346 dispendio.
412 1268 530 1327 interim
545 1271 569 1326 si
583 1281 680 1327 mutet
699 1279 753 1327 aut
771 1277 905 1337 revocet,
926 1286 1035 1344 semper
1079 1269 1080 1287 ¹

87 1347 191 1407 ¹validi:
204 1360 283 1424 eget,
294 1349 321 1405 s
334 1358 434 1424 potest
442 1347 555 1406 luceres
548 1349 701 1419 institutos
712 1358 894 1408 testamento
905 1346 1041 1418 secundo,

93 1447 151 1506 quo
166 1427 248 1504 prius
264 1426 397 1504 juratum
412 1438 578 1496 revocetur,
597 1427 627 1485 in
642 1427 821 1486 couscientia
835 1425 1035 1485 haereditatem

92 1517 247 1583 acceptare
261 1512 287 1566 dr
298 1517 420 1574 teners;
439 1507 509 1600 quia
522 1469 616 1565 huiee
630 1506 738 1585 prioris
758 1505 933 1565 testamenti
947 1505 1036 1584 jurati
1073 1518 1077 1527 “

93 1604 152 1644 uon
168 1586 325 1679 acquisivit
333 1586 384 1662 J'us
398 1605 437 1645 ex
450 1588 509 1644 isto
523 1597 712 1644 testamento.

135 1665 225 1739 Quid,
248 1665 272 1723 si
287 1665 458 1743 promiserit
471 1685 504 1724 se
517 1685 575 1723 non
589 1674 807 1736 revocaturum,
831 1670 857 1724 dr
871 1663 1036 1742 promissio·

93 1763 161 1803 nem
175 1743 278 1803 illem
264 1756 436 1823 Jurameuto
450 1745 636 1805 firmaverit?
1063 1756 1065 1761 '

92 1824 189 1885 lv.
211 1825 249 1884 R
270 1823 417 1902 Equidem
434 1823 531 1883 valide
548 1822 716 1883 revocabit:
736 1825 837 1882 verdm
862 1821 1035 1900 disputatur,
1071 1840 1080 1872 ¹

92 1870 194 1962 utrum
216 1903 267 1961 illa
286 1905 445 1980 promissio
466 1903 506 1962 sit
526 1903 763 1996 obligatoria&
778 1903 830 1980 jus
849 1904 987 1961 conseret
1004 1900 1058 1961 sd

96 1981 299 2040 haereditatem
321 1981 455 2040 haeredi'
446 1983 585 2042 instituto
600 1984 630 2039 in
644 1982 738 2060 priori
751 1992 950 2051 testamento3
942 1981 1033 2041 ·adaa

95 2070 128 2141 ut
141 2060 235 2118 haeres
248 2061 423 2138 posterioris
436 2063 607 2120 testamenti
622 2071 760 2119 teneatur
773 2062 944 2131 restituere,
965 2061 1034 2137 quod
1062 2100 1063 2106 ι

86 2133 144 2199 -isti
162 2139 225 2218 juri
247 2141 420 2220 aequivalet:
440 2159 528 2218 quam
550 2141 742 2218 questionem
763 2140 833 2198 vide
851 2139 933 2218 apud
953 2139 1033 2198 Dael·
1070 2175 1078 2190 ÷

92 2230 182 2278 men‘
186 2220 242 2278 ‘de
257 2219 474 2278 Testamentis’'
488 2219 696 2280 observatione
707 2219 825 2278 ultimd.

132 2299 246 2357 Nota'
239 2301 367 2368 interim,
393 2299 473 2358 aliud
497 2320 571 2371 esse,
596 2301 619 2357 si
636 2320 673 2358 ex
687 2319 765 2357 nuuc
783 2297 957 2377 promittam
979 2318 1033 2358 ren
1071 2341 1079 2352 .

90 2392 188 2437 meum
212 2378 301 2436 alicui
322 2388 390 2456 post
411 2390 539 2438 mortam
561 2389 677 2436 tautum
699 2378 884 2447 tradendam,
906 2376 1031 2445 uliuds
1014 2398 1034 2437 u
1062 2425 1063 2437 ,

93 2457 267 2535 simpliciter
281 2458 451 2550 promittam
466 2477 513 2516 me
524 2477 582 2516 non
595 2468 801 2515 revocaturum
812 2467 1032 2516 testamentum:

92 2558 131 2597 ex
144 2537 238 2615 priori
253 2537 330 2597 enim
344 2537 540 2615 promissione
553 2537 649 2595 oritur
658 2535 709 2614 J'us
719 2537 757 2594 ad
768 2556 831 2595 rem
844 2555 953 2606 meam,
967 2536 1033 2595 adeo
1061 2542 1065 2561 ¹

91 2626 134 2686 ut,
150 2617 173 2673 si
189 2636 253 2674 eam
264 2637 442 2710 consumam,
457 2627 560 2675 tenear
570 2616 619 2674 isti
630 2615 693 2693 juri
684 2615 832 2674 reddere
846 2614 1035 2692 aequivaleus3

92 2705 196 2793 estque
211 2694 278 2754 talis
294 2695 449 2772 promissio
463 2695 582 2773 proprie
597 2694 739 2753 donatio
732 2707 810 2752 iuter
824 2694 918 2752 vivos.
962 2693 1031 2752 At
1013 2713 1033 2752 ιι

90 2775 206 2832 tantum
231 2776 412 2852 promittam,
436 2793 484 2833 me
508 2795 566 2832 nou
591 2783 798 2834 revocaturum
819 2778 1033 2840 testamentum,

91 2852 526 2950 tuucalteri,quamdiu'v1vo,
546 2851 689 2911 nullum
675 2873 726 2931 Jus
741 2853 770 2910 in
784 2872 847 2912 rem
862 2871 960 2910 meam
974 2871 1035 2910 cou-

90 2932 173 2999 fero;
194 2933 247 2990 sed
260 2932 356 2992 solum
371 2954 419 2994 me
438 2953 562 2993 censeor
575 2932 709 3011 obligare
723 2932 759 2991 ad
775 2952 837 2992 rem
852 2931 935 2989 illum
949 2941 1034 2991 testa·

90 3023 194 3070 meuto
209 3012 488 3090 relinquendam,'s1
511 3033 558 3072 me
580 3015 726 3072 moriente
747 3012 786 3071 sit
808 3010 926 3069 adhuc'
917 3021 1037 3090 integra

92 3091 172 3151 Vide
187 3091 333 3150 Dselman
348 3093 453 3151 eodem
467 3091 543 3152 loco.

54 3220 57 3227 .
136 3171 295 3244 Quomodo
309 3183 466 3230 revocatur
479 3173 713 3231 testamentum?

132 3250 171 3310 V.
192 3251 230 3308 Β.
252 3251 302 3308 Ad
322 3251 542 3310 revocationem
563 3251 734 3309 testamenti
755 3249 888 3307 moribus
908 3248 1035 3327 antiquis

90 3330 438 3423 requirebaturqueedam
450 3330 630 3398 solemnitas,
641 3330 693 3388 sed
703 3329 792 3388 hodie
803 3329 884 3387 nuda
892 3328 1037 3387 contraria

89 3410 243 3468 voluntate
254 3409 405 3467 testatoris
416 3409 489 3468 satis
500 3408 657 3478 declarati,
672 3410 760 3468 etiam
776 3409 840 3466 siue
854 3426 933 3465 nova
947 3407 1036 3465 luere·

89 3487 136 3547 dis
158 3488 344 3547 institutione
365 3498 586 3548 testamentum
596 3500 770 3547 revocatur:
791 3507 819 3544 v.
830 3506 859 3565 g.
873 3486 897 3544 ai
912 3496 1037 3545 testator

90 3567 170 3629 dicat
183 3588 281 3626 corum
296 3567 431 3638 testibus,
450 3587 482 3626 se
495 3568 573 3628 velle
587 3568 662 3627 mori
676 3569 860 3635 intestatum,
881 3585 906 3623 si
897 3565 1036 3635 luceret,

84 3665 115 3709 ar
106 3646 242 3706 scindat
251 3659 471 3717 testamentum,
482 3647 563 3706 vel
541 3666 567 3706 at
577 3647 633 3705 hoc
638 3646 786 3725 jubeat,
763 3665 788 3705 ιι
799 3645 1036 3705 cancellationem

79 3725 182 3800 faciat,
205 3727 230 3787 si
245 3727 361 3808 ruperit
374 3726 502 3809 ligamen
516 3744 570 3786 seu
582 3725 664 3785 filum
678 3725 851 3786 testamenti
864 3724 967 3797 clausi,
986 3733 1033 3782 aut
