2160 4034
373 126 418 168 nu
436 125 518 169 sunu
538 126 580 170 nr
599 126 754 171 marma·
989 112 1045 171 161

45 304 47 309 Ι
128 222 178 295 11.
199 227 356 309 Praecipue
377 238 477 291 tamen
494 228 608 289 furtum
622 229 688 290 leve
709 230 808 311 quoad
827 230 992 305 materiam,
1013 234 1049 294 fit

45 320 50 359 v
76 307 223 367 mortale
245 308 340 368 tribus
367 308 480 368 modis:
514 310 560 368 10.
582 308 755 370 Mortaliter
778 319 882 389 peccat
909 310 1048 373 auferens

45 432 47 439 .
78 387 256 475 :nuteriam
265 388 372 457 levem,
388 387 498 459 habens
512 387 705 460 voluntatem,
719 389 868 461 affectum,
886 400 938 449 aut
951 391 1048 453 inten-

83 468 208 525 tionem
222 466 376 527 auferendi
390 487 454 526 rem
468 466 638 539 notabilem,
654 469 678 527 si
693 470 807 528 occasio
822 469 949 529 adesset.

132 542 197 605 ΙΙΙ.
219 548 266 605 2⁰.
282 547 427 606 Peccatur
441 546 609 607 mortaliter
622 548 721 619 toties,
737 548 853 626 quoties
869 552 935 627 quis
949 549 1049 611 aufert

92 639 156 683 rem
170 624 270 686 levem
285 626 441 685 intendens
455 626 609 705 perplura
621 628 736 686 minuta
745 628 826 686 furta
836 628 994 721 pervenire
1008 630 1047 690 ad

94 718 240 779 tammam
261 703 438 764 notabilem:
460 707 502 764 sic
522 726 550 763 v.
563 726 592 785 g.
614 707 723 784 quiex
743 707 909 766 intentione
929 708 1049 769 furandi

45 854 48 860 Ι
96 780 228 921 ppj'nque
240 784 380 855 florenos,
394 785 517 862 singulis
529 785 641 844 vicibus
652 784 822 845 abstulisset
836 807 925 844 uuum
941 807 1046 859 assem,

55 894 74 941 ξ-
142 862 217 923 'sset
241 875 363 924 eatenus
387 866 442 922 100
462 874 582 943 peccata
601 865 747 925 mortalia.
789 865 880 924 Ratio
895 876 950 937 est,
985 868 1045 926 odd

45 962 85 1019 5-
100 940 138 999 ain
179 941 213 1002 la
224 942 306 1003 furta
319 943 496 1021 proveniant
510 964 549 1002 ex
562 943 727 1005 intentione
741 944 909 1004 mortaliter
923 888 1009 1004 mela.

45 1061 61 1097 a
198 1023 364 1117 eproiude
392 1022 516 1083 resolvit
542 1023 684 1095 Daelman
707 1033 809 1103 quaest.
830 1026 858 1081 5.
880 1024 999 1083 observ.
1019 1027 1049 1084 4.

45 1100 174 1203 &qued
197 1101 276 1173 talrs,
298 1102 369 1161 licet
381 1102 519 1161 mortalia
532 1112 635 1181 peccet
647 1103 764 1163 ratione
778 1102 962 1173 intentionis,
987 1123 1048 1163 non

45 1200 75 1249 ,·,
105 1182 266 1241 committat
278 1190 378 1240 tamen
399 1192 446 1241 tot
459 1192 580 1260 peccata
593 1182 769 1253 mortaliter,
793 1191 866 1261 quot
888 1179 1049 1242 committit

45 1258 77 1352 μ’,
104 1256 193 1319 trra:
213 1260 337 1320 indubie
351 1260 429 1320 enim
444 1271 527 1320 actus
545 1280 584 1321 ex
603 1260 768 1333 intentione
792 1260 958 1320 mortaliter
971 1263 1049 1321 mala

104 1339 271 1415 procedens,
285 1349 331 1399 est
343 1350 496 1419 peccatum
510 1339 645 1399 mortale.

131 1417 194 1481 IV·
213 1422 264 1489 3⁰.
283 1420 371 1479 Licet
385 1420 451 1498 quis
465 1439 520 1478 nec
533 1420 728 1489 intentionem
742 1419 879 1479 habuerit
893 1419 1049 1480 auferendi

45 1514 80 1565 ρ·
98 1514 153 1557 ram
167 1517 307 1577 gravem,
332 1518 386 1557 neo
400 1500 490 1557 etiam
503 1519 558 1578 per
571 1500 686 1558 minuta
705 1499 869 1558 intenderit
888 1500 1048 1578 pervenire

94 1574 291 1647 tdsummam
306 1577 478 1650 notabilem,
492 1587 591 1637 tamen
603 1580 657 1659 qui
671 1578 708 1637 ab
722 1599 781 1637 uno
796 1579 843 1637 vel
858 1580 948 1637 etiam
966 1599 985 1637 a
1003 1579 1049 1655 di·

47 1667 54 1677 ”
93 1654 187 1717 vareis
201 1676 283 1735 saepe
297 1658 412 1716 minuta
424 1657 552 1730 furatur,
566 1667 669 1739 peccat
683 1657 851 1731 mortaliter
861 1677 898 1717 eo
912 1658 977 1736 ipso
988 1677 1049 1739 qno

45 1768 61 1803 a
86 1732 264 1808 advertens,
278 1736 326 1796 vel
340 1736 497 1797 advertere
533 1746 616 1807 otens
631 1736 778 1797 &debens
792 1757 824 1796 se
839 1738 996 1815 pervenire
1010 1734 1051 1796 ad

45 1838 54 1883 f
85 1814 251 1885 materiam
260 1815 430 1887 notabilem,
440 1757 564 1877 eanddm
574 1816 711 1896 complet.
742 1817 830 1876 Unde
838 1826 920 1875 actus
931 1816 1049 1895 priores

45 1934 48 1943 -
83 1902 182 1953 erunt
194 1905 318 1974 peccata
337 1897 465 1955 venialia
485 1917 524 1957 ex
545 1896 693 1974 parvitate
713 1896 863 1964 materiam
883 1895 936 1954 sed
956 1905 1050 1967 actus,

85 1992 149 2053 quo
161 1975 332 2053 completur
342 1976 467 2035 materia
478 1976 624 2035 sufficiens
634 1974 672 2033 ad
683 1974 818 2045 mortale,
833 1974 890 2033 erit
900 1974 1050 2041 mortalis;

86 2051 160 2133 quia
187 2051 242 2113 ille
270 2053 391 2113 ultimus
418 2064 501 2113 actus
529 2064 667 2113 censetur
693 2073 758 2113 esse
786 2055 863 2112 circa
893 2055 1050 2112 materiam

88 2150 227 2210 gravem,
249 2136 286 2193 ed
300 2132 384 2212 qubd
397 2133 512 2211 priores
526 2135 660 2192 materiae
674 2132 839 2192 coalescant
853 2153 919 2191 oum
934 2133 1049 2205 ultima,

91 2213 189 2307 &ita
217 2212 344 2273 volendo
373 2213 517 2284 ultimam,
549 2213 776 2292 interpretativa
811 2211 875 2270 vult
908 2212 1048 2272 materias

112 2310 223 2353 riores.

93 2310 112 2370 P
133 2371 197 2430 Pro
220 2380 268 2430 ter
281 2370 405 2431 eandem
419 2372 568 2433 rationem
582 2369 738 2430 dicendum
753 2381 809 2441 est,
834 2369 962 2449 quodsi,
977 2390 1004 2430 v.
1018 2391 1049 2449 g.

96 2468 174 2511 nono
189 2391 273 2509 iiirto
285 2451 346 2509 levi
360 2451 554 2529 compleverit
569 2451 724 2509 materiam
739 2470 860 2528 gravem
875 2452 901 2509 8v
914 2450 1050 2509 mortali·

96 2540 142 2588 ter
151 2529 332 2609 peccaverit,
346 2530 454 2589 iterum
464 2541 567 2608 peccet
579 2529 745 2589 mortaliter
753 2529 889 2588 addendo
901 2529 1050 2588 decimum

98 2610 210 2668 furtum
225 2608 301 2679 leve,
322 2615 348 2668 dr
361 2610 403 2668 sic
417 2609 454 2669 de
468 2611 593 2669 caeteris.
615 2609 694 2671 Vide
709 2610 799 2668 Num.
817 2611 882 2668 161.
903 2617 922 2645 ‘⁴
934 2607 971 2666 de
986 2608 1049 2666 Ac·
1064 2680 1066 2685 ,

100 2697 116 2727 “
129 2688 211 2763 tibus
223 2689 397 2759 Humania,”
405 2687 456 2748 ubi
467 2690 558 2749 etiam
568 2689 680 2748 dictum
690 2699 746 2759 est,
757 2686 906 2769 quomodo
915 2687 1048 2748 materiae

45 2774 53 2807 '⁸
101 2787 257 2847 parvorum
272 2768 421 2829 furtorum
436 2771 610 2829 coalescant.

45 2862 70 2887 ³³
137 2848 177 2908 V.
201 2846 287 2907 Circa
301 2848 375 2906 bano
386 2849 539 2908 materiam
550 2849 688 2906 damnata
697 2856 743 2906 est
754 2845 791 2906 ab
803 2845 977 2905 Innocentio
991 2846 1050 2904 Xl.

102 2926 157 2987 luc
171 2947 227 3006 pro
251 2927 339 2987 ositio
353 2930 402 2985 38.
442 2937 461 2966 “
472 2929 505 2987 N
505 2949 543 2988 on
557 2938 677 2987 tenetur
687 2927 753 3004 quis
768 2926 821 2985 sub
835 2946 923 3006 poena
936 2926 1052 3005 peccati

45 3010 73 3090 33
103 2947 266 3065 “mortalis
286 3007 447 3066 restituere
468 3007 549 3085 quod
569 3005 699 3065 ablatum
714 3016 760 3065 est
779 3026 939 3084 perparva
958 3005 1050 3076 furta,

45 3068 73 3171 a}
105 3094 119 3123 ¹¹
151 3096 402 3167 uantumoumque
416 3086 456 3146 sit
469 3106 577 3165 magna
590 3105 704 3145 summa
718 3085 845 3145 totalis.’'

201 3164 290 3225 dictis
304 3166 424 3236 inferes,
446 3166 525 3245 qudd
539 3184 696 3243 caupones,
717 3174 907 3234 mercatores,
926 3173 979 3221 aut
999 3162 1050 3220 ba·

104 3244 203 3317 lentes
224 3245 379 3316 officinam,
401 3246 453 3339 qui
467 3244 644 3305 defraudant
657 3244 686 3302 iu
701 3264 835 3313 numero,
857 3241 1051 3321 ponderaret

103 3343 248 3397 mensura,
269 3325 387 3385 etiamsi
401 3324 525 3404 siugulis
540 3323 652 3384 vicibus
670 3323 786 3382 tantrim
807 3321 963 3382 intendant
982 3317 1050 3376 leve

45 3382 73 3488 oi
104 3403 172 3483 quid
194 3404 301 3483 furari,
326 3404 449 3485 singulis
474 3415 573 3463 tamen
593 3402 704 3461 vicibus
725 3412 847 3480 peccent
867 3396 1051 3464 mortalitem

50 3464 74 3569 ει
104 3483 171 3561 quia
183 3483 313 3545 intentio
328 3482 447 3543 illorum
468 3493 514 3542 est
534 3503 589 3563 per
602 3481 675 3541 tales
690 3479 929 3540 defraudationes
945 3495 1054 3555 perve-

45 3560 47 3566 ’
104 3564 166 3622 nire
179 3562 221 3639 ad
235 3582 380 3639 summam
394 3560 565 3623 notabilem.

142 3641 235 3717 Quod
256 3642 282 3705 si
304 3642 347 3702 ab
362 3642 449 3704 initio
478 3640 559 3701 illam
588 3639 782 3701 intentionem
802 3656 863 3695 uon
884 3633 1060 3706 habuerint,

45 3270 73 3377 ffil

45 3611 63 3647 e·
