2160 4034
68 152 108 212 94
451 167 638 212 reserares

65 272 214 352 denegent
227 274 374 333 eetIonem
386 273 418 332 in
433 273 501 333 foro
522 283 648 334 externo
665 273 705 333 ad
724 273 855 352 pretium
877 274 1015 334 obtinen-

64 351 144 423 dum,
159 353 229 412 lieet
242 350 386 431 obligatio
399 353 542 413 naturalis
557 374 615 413 non
631 355 834 433 extinguatur.

105 433 174 508 Quo
188 430 277 491 titulo
287 431 378 510 juxta
397 431 472 491 hano
492 433 671 493 sententiam
690 435 732 491 sie
750 441 870 511 accepta
886 432 1014 493 retineri
1030 436 1039 489 -i

65 512 216 592 possunt?
1032 520 1039 551 ’¹

105 590 144 650 R.
161 588 269 651 'Titulo
288 590 468 661 donationis,
490 611 550 650 non
575 591 698 671 quidem
722 591 841 650 omniuo
863 593 1013 670 gratuitae,
1030 592 1039 626 l

64 669 132 732 etim
144 668 221 728 alter
233 670 399 748 praeexigat
415 689 491 747 opus
505 670 614 729 malum
634 680 776 747 tanquam
795 671 1014 741 conditionem
1031 666 1038 707 l

64 747 166 808 sedeo
181 767 240 806 uon
260 746 406 817 obstante,
428 748 492 807 lraee
512 749 634 808 donatio
654 750 750 808 adhue
766 749 866 826 potius
880 748 1013 809 liberalia
1033 731 1039 785 ¹⁵

64 829 153 906 quam
167 846 292 887 onerosa
304 827 437 904 reputari
452 826 550 898 debet,
564 848 632 886 eum
646 829 749 887 stricte
772 828 922 906 loquendo
936 828 1014 887 nihil
1030 822 1039 867 ¹

63 905 206 967 reddatur
220 925 275 985 pro
288 906 368 977 dato,
393 907 419 964 8a
439 905 506 983 ipsa
525 907 648 967 donatio
668 908 721 966 fiat
736 907 901 966 voluntarie
918 916 936 946 ‘⁴
947 908 1013 966 sine
1031 910 1037 945 ⁸

64 992 85 1025 ‘³
98 985 270 1045 extorsione
284 994 315 1043 et
326 984 460 1043 fraude?
1032 990 1038 1025 ³

104 1065 260 1143 Quidquid
274 1064 322 1134 sit,
336 1064 366 1121 in
380 1062 437 1122 hoe
445 1063 575 1124 finaliter
588 1066 769 1124 conveniunt
785 1065 947 1136 Authores,
957 1085 1012 1142 pro
1032 1064 1039 1107 ‘³

63 1144 150 1224 praxi
164 1144 308 1221 optimum
323 1162 397 1212 esse,
412 1152 447 1201 nt
466 1143 672 1204 confessarius
687 1145 831 1203 similibus
846 1145 1016 1204 hominibus
1031 1150 1039 1195 l

62 1242 119 1302 pro
132 1222 308 1301 poenitentia
318 1223 421 1282 stricte
435 1222 577 1300 imponat,
593 1223 681 1283 uteie
692 1236 813 1301 accepta
824 1223 1014 1302 pauperibus,
1035 1214 1039 1266 l

63 1302 167 1362 aliisve
187 1302 245 1380 piis
272 1302 368 1360 causis
394 1301 552 1379 applicent,
580 1302 639 1361 nisi
665 1304 722 1380 ipsi
744 1304 843 1381 reipsa
865 1321 1013 1380 pauperes
1034 1310 1039 1347 Ι

63 1381 193 1450 fuerint3
213 1391 275 1439 tum
290 1382 360 1458 quia
373 1390 525 1458 peoeetum
542 1381 633 1440 talem
654 1400 769 1459 poenom
785 1392 926 1452 meretur,
949 1391 1015 1440 tum
1034 1389 1039 1426 ³

63 1480 103 1520 ne
111 1480 155 1519 ex
168 1470 289 1538 peceato
301 1461 413 1518 luorum
428 1461 454 1518 8ι
468 1479 507 1518 ex
519 1459 603 1520 luero
614 1461 753 1520 effectum
763 1470 884 1520 teneant
894 1461 932 1520 ad
944 1480 1014 1539 pee·
1026 1480 1039 1537 j

67 1550 174 1612 natura
189 1539 269 1617 quod
281 1538 348 1599 fieri
359 1548 460 1598 natum
475 1549 530 1598 est
1035 1554 1038 1571 ²

99 1698 139 1763 N·
160 1700 208 1758 ⁵6.
249 1697 313 1757 AN
334 1695 537 1756 AGOEPTA
558 1698 619 1757 OB
641 1697 753 1758 OPUS
774 1698 980 1758 ALlUNDE
1035 1630 1039 1665 ³

194 1775 399 1837 DEBITUM
422 1777 523 1837 SINT
543 1777 884 1838 RESTITUENDA?
1036 1791 1039 1825 1

69 1895 95 1955 l.
125 1895 164 1956 St
190 1916 261 1975 opas
287 1895 419 1956 debelrem
444 1917 478 1956 eu
496 1897 625 1974 justitia,
648 1901 775 1976 pretium
802 1898 876 1956 debit
893 1871 1039 1958 restituis

104 1974 147 2035 II.
166 1974 238 2035 Item
256 1976 283 2034 ri
359 1995 449 2035 saon
471 1979 509 2035 rit
526 1977 696 2036 aestimabile.
738 1977 798 2037 111.
821 1977 908 2036 Seerir
928 1980 954 2036 ri
974 1980 1016 2036 sit

103 2054 271 2115 minabit
330 2055 368 2116 V.
386 2052 576 2114 datdonatio
589 2057 772 2115 sitliberalir.

105 2174 711 2255 PRAENOTANDUM10.qued·0pus
732 2177 794 2235 sive
815 2177 893 2235 aotlo
911 2176 1015 2255 aliqua

64 2256 159 2334 poeeit
168 2255 256 2315 alicui
265 2273 329 2312 esse
344 2253 454 2323 debita,
464 2255 514 2312 vel
527 2255 695 2332 exjustitia
705 2257 808 2314 stricte
819 2256 908 2326 diota,
923 2267 956 2314 ut
965 2266 1013 2315 est
1035 2304 1037 2309 .

104 2333 239 2404 millius,
255 2332 312 2411 qui·
320 2333 357 2391 ad
371 2333 427 2392 boo
436 2332 573 2394 mereede
584 2335 747 2394 eonduotus
761 2347 823 2403 est;
843 2335 941 2395 velex
950 2335 1011 2393 alia

63 2354 186 2484 iltuto
214 2432 243 2470 v.
262 2431 293 2490 g.
312 2412 466 2484 charitate,
494 2414 688 2491 gratitudine,
709 2415 829 2493 pietate,
851 2416 904 2475 &a
923 2415 1011 2474 sicuti

64 2501 200 2552 memor
208 2491 321 2551 homini
330 2492 538 2552 nenessitatem
546 2494 672 2572 patienti
681 2513 861 2566 succurrere,
870 2494 1011 2553 damnum
1034 2496 1039 2550 l

65 2573 76 2630 i
167 2573 219 2642 ire,
234 2573 286 2630 &a
471 2580 475 2589 “

78 2572 165 2708 mp’epl
172 2651 262 2725 Quod
269 2660 421 2729 acceptum
433 2670 488 2728 pro
499 2653 615 2711 actione
625 2651 726 2712 debita
735 2652 868 2729 potuerit
878 2651 952 2722 dari,
962 2651 1010 2710 rel

64 2749 119 2808 poe
137 2730 260 2790 modum
308 2731 386 2801 retii,
414 2729 463 2788 vel
490 2731 611 2790 omnino
630 2730 796 2791 liberaliter
814 2751 869 2810 per
888 2730 1010 2790 modum
1034 2764 1039 2773 r

63 2809 230 2903 ellipipntis,
250 2749 306 2868 vel
313 2807 367 2867 sub
381 2809 559 2882 conditione,
580 2811 606 2869 si
619 2813 698 2870 aetio
710 2811 790 2869 faeta
807 2810 909 2869 fuerit.
951 2809 1009 2869 His

64 2900 187 2969 posltls:
883 2935 886 2942 .

105 2967 132 3028 l.
152 2967 191 3027 R.
214 2969 260 3025 10.
274 2967 408 3045 Accepta
426 2986 482 3045 per
500 2968 621 3027 modurn
641 2968 731 3046 pretii
750 2989 806 3046 pro
826 2968 943 3027 actione
958 2968 1008 3026 de·
1037 3024 1039 3031 Α

64 3047 172 3107 bitaex
183 3045 304 3116 'ustitia
313 3046 546 3106 restitnidebent
554 3046 645 3120 danti,
655 3047 745 3125 idque
753 3048 868 3106 etiamsi
877 3049 1009 3129 pretium
1037 3075 1039 3083 ·

63 3126 151 3186 detur
162 3066 199 3185 ab
212 3125 311 3203 aliquo
322 3125 422 3194 tertio,
436 3127 484 3183 oui
494 3125 573 3184 aetio
585 3146 645 3185 nou
658 3127 840 3185 debebatur:
860 3126 938 3184 ratio
952 3136 1008 3197 est,
1028 3154 1031 3159 ·

84 3206 144 3266 uod
157 3203 224 3263 talis
241 3204 319 3262 aetio
339 3205 378 3262 sit
398 3203 595 3274 invendibilis,
612 3206 680 3264 curn
692 3205 754 3282 jam
777 3207 817 3263 sit
835 3226 873 3264 ex
887 3204 1009 3283 justitia

62 3225 177 3353 babita3
193 3282 296 3342 eadem
307 3283 385 3340 enirn
397 3303 445 3343 res
455 3284 519 3343 sine
528 3282 673 3362 injustitia
682 3283 728 3344 bis
739 3283 827 3343 vendi
835 3295 1009 3362 nonpotest¹

62 3366 196 3442 adeoque
209 3361 307 3420 nullus
321 3373 368 3421 est
381 3363 485 3421 titulus
500 3362 551 3420 illa
563 3363 720 3423 retinendi.
1008 3362 1012 3381 ⁸

102 3444 184 3516 Hine
193 3440 230 3499 ad
238 3442 458 3500 restitutionem
472 3452 592 3502 tenetur
601 3442 705 3521 judex,
720 3443 772 3522 qui
784 3442 914 3521 pretium
925 3462 1008 3501 euoe-

60 3528 107 3608 ptt
120 3540 175 3602 pro
188 3518 312 3580 ferenda
325 3521 472 3580 sententia
479 3522 571 3599 justa,
585 3521 658 3581 item
669 3522 719 3601 qui
733 3521 845 3600 aliquid
858 3522 1009 3599 arripiunt

59 3624 117 3687 pro
128 3599 252 3661 dicendo
260 3600 523 3677 testimonium,
532 3599 669 3682 deposito
679 3601 841 3676 reddendo,
861 3601 1007 3662 solvendo

61 3683 173 3754 debito,
187 3685 237 3740 &a
