2160 4034
57 160 60 167 '
87 154 147 216 416
487 162 675 208 moranno

88 270 237 333 lumnloee
251 287 284 329 re
296 267 459 328 defendere
472 267 653 349 imponendo
671 267 919 329 falconarium
932 287 1036 331 accun-

90 351 151 413 tori
166 348 364 417 autteetibm,
377 348 425 407 vel
437 348 526 442 etiem
536 347 706 443 pdbibendo
715 348 854 408 frondem
865 354 923 442 aut
931 347 1038 443 dolam:
1056 386 1062 419 ι

89 427 1039 586 ttstttltlltzl“mltllttlltl‘nttdll

89 587 242 659 fendendi,
264 606 331 646 cum
345 595 429 646 tanto
443 606 497 646 ruo
510 587 619 646 damno
632 606 737 647 eorum
749 585 880 646 crimina
900 585 1038 647 occultare
1052 638 1057 653 ,

90 679 267 806 mdbubeue
279 744 492 804 condemnatur
505 745 553 804 vel
567 688 806 804 cendemnandne
829 744 931 822 poerit
943 743 1036 823 fugare
1077 690 1079 699 γ

91 826 110 887 ὅ
123 844 250 898 carcere,
265 831 319 884 &a
331 823 401 884 vide
415 824 507 883 Num.
523 827 581 883 120
592 826 628 883 da
638 824 713 884 Jure
724 835 752 884 et
763 824 900 894 Jartitia,
1031 852 1034 857 .

1049 942 1054 985 l

308 1061 368 1122 No.
389 1064 438 1119 77.
468 1052 545 1120 'Du
564 1060 824 1123 ADVOCATO.

92 1223 119 1283 Ι.
131 1222 294 1282 Advocatae
307 1230 413 1279 teneam
422 1221 593 1298 quandoque
600 1222 780 1297 patrocinari
789 1222 894 1296 prata.
940 1218 982 1278 ll.
993 1220 1032 1279 Aa
1055 1236 1058 1255 ·

123 1302 303 1380 poeeittaeri
314 1319 431 1359 coucam
450 1308 523 1357 orae
536 1299 718 1377 probabilem.
760 1299 821 1358 ΙΙΙ.
840 1299 925 1376 EJae
936 1298 1032 1375 oblioo·

129 1383 170 1440 tio
182 1400 250 1456 erqo
258 1389 370 1457 partem
382 1380 539 1449 odoereom,
581 1377 637 1438 lv.
657 1378 683 1454 ὃς
695 1398 764 1455 erpa
776 1379 915 1438 clientem.

130 1539 155 1599 l.
176 1537 324 1599 DocET
339 1537 370 1596 S.
385 1536 493 1597 Thom.
507 1538 755 1616 aequassem.
780 1536 976 1595 Advocatum
990 1536 1033 1594 ali·
1062 1532 1067 1559 ²

89 1618 208 1703 quando
221 1616 317 1676 teneri
331 1615 528 1694 patrocinium
538 1617 632 1693 gratis
646 1616 795 1693 suscipere
809 1626 956 1696 tanquam
968 1635 1033 1694 epm

88 1696 316 1759 misericordia:
337 1694 524 1788 quandonam
544 1704 643 1753 autem
657 1694 695 1753 ad
709 1694 740 1753 id
753 1705 884 1765 tenetur,
901 1694 1034 1772 colligen-

88 1779 159 1839 dum
173 1787 271 1837 estex
284 1774 372 1833 diotre
386 1773 479 1833 Num.
495 1775 559 1832 144.
572 1775 607 1832 de
624 1773 799 1844 Claritate}
816 1784 864 1833 eat
888 1774 971 1833 enim
993 1793 1034 1833 aa·

89 1853 250 1994 deuprratio
263 1853 341 1912 elcut
359 1852 397 1912 de
411 1852 601 1930 eleemosyna
623 1852 749 1931 alliaque
772 1852 917 1933 operibus
930 1852 1036 1913 miseri·

90 1954 144 1994 cor
165 1954 210 1994 ne.
302 1976 305 1985 -
629 1960 632 1967 ·
1075 1936 1078 1955 '

128 2013 283 2090 Obligatio
294 2010 519 2069 Advocatorum
533 2010 597 2069 fera
610 2011 789 2088 exprimitur
803 2013 835 2069 in
847 2011 985 2070 formula
994 2012 1034 2088 ju·

87 2094 215 2153 rumenti
229 2091 266 2149 ab
281 2089 323 2148 eie
337 2088 505 2166 prestandi,
520 2108 585 2169 qum
595 2089 802 2168 videripoteet
814 2091 898 2169 apud
912 2091 1037 2150 Neesan.

128 2173 179 2231 An
194 2170 368 2229 Advocatm
382 2169 533 2247 suscipere
547 2179 646 2247 potest
666 2189 783 2229 caueam
803 2189 888 2229 mere
902 2170 1036 2248 probabi·

87 2252 170 2313 lam?

128 2330 171 2392 11.
191 2332 230 2390 R.
251 2330 346 2391 Juxta
360 2347 462 2388 omues
477 2327 664 2406 tueripoteet
674 2347 789 2388 caueam
803 2327 1036 2406 probabiliorem

87 2417 114 2473 tc
126 2410 280 2469 moraliter
292 2409 375 2486 eque
389 2406 592 2485 probabilemz
613 2406 722 2467 deinde
746 2408 836 2467 etiam
856 2409 961 2467 miuus
973 2427 1036 2486 pro·

85 2489 223 2558 babilam,
238 2489 263 2547 ei
276 2487 368 2546 aliene
381 2487 421 2544 eit
434 2506 503 2546 reue
516 2485 564 2546 vel
577 2507 739 2564 poeeeeeor.

126 2567 270 2645 Quinimb
290 2566 500 2636 verieimiliter,
524 2566 640 2626 etiamsi
663 2566 754 2625 cliens
772 2566 812 2625 eit
830 2574 925 2636 actor,
949 2565 1035 2625 modo

86 2668 153 2711 eum
169 2648 206 2707 de
220 2655 300 2705 statu
314 2664 374 2702 auae
387 2651 521 2704 caueae&
534 2645 667 2723 periculo
677 2645 852 2715 admoneam
872 2646 945 2725 quia
955 2655 1036 2704 actor

85 2728 176 2789 babet
189 2724 342 2805 probabile
351 2723 412 2800 jus,
426 2723 506 2804 quod
519 2734 565 2783 eet
579 2725 676 2801 pretio
691 2725 883 2796 aetimabile;
903 2725 1036 2806 adeoque

86 2807 161 2868 illud
174 2805 329 2884 injudicio
343 2802 483 2882 prosequi
497 2814 606 2880 potest.
789 2800 793 2807 '

129 2886 199 2965 obj.
221 2887 295 2944 Haec
308 2883 455 2942 sententia
468 2883 587 2942 videtur
600 2883 677 2943 velle
690 2883 988 2945 induceredudicem
1000 2884 1034 2943 ad
1073 2898 1075 2919 ¹

83 2966 277 3046 judicandum
306 2963 466 3024 secundum
501 2963 668 3040 opinionem
702 2963 800 3023 minus
832 2962 1035 3042 probabilem:

186 3051 237 3104 &a

89 3066 107 3108 e
144 3067 172 3116 o,

107 3066 169 3187 rit.
197 3122 346 3200 Negando
367 3141 424 3181 aes.
452 3120 506 3180 aed
529 3132 674 3199 speratur,
698 3123 765 3181 fore
792 3131 825 3180 ut
851 3122 882 3180 in
911 3122 1036 3187 decursu

85 3208 147 3267 litis
161 3202 357 3264 examinando
370 3201 478 3260 merita
491 3220 585 3259 causa
600 3201 724 3270 clientis,
738 3202 801 3262 bec
812 3200 1036 3262 demonstretur

88 3284 279 3368 probabilior,
293 3291 345 3339 aut
359 3281 461 3340 saltem
471 3300 553 3360 teque
568 3280 738 3358 probabilis.

129 3366 279 3425 Preterea
301 3380 358 3419 non
374 3380 412 3418 ex
426 3360 574 3419 sententia
588 3359 747 3429 Advocati,
772 3359 824 3419 aed
838 3359 969 3429 Judicia,
985 3358 1036 3437 jue

87 3449 167 3507 inter
189 3453 289 3524 partes
311 3438 468 3498 definitur:
498 3439 578 3518 quod
601 3450 701 3498 autem
726 3439 883 3499 Advocato
912 3451 1038 3518 apparet

85 3529 183 3588 minua
196 3520 357 3603 probabile,
372 3529 472 3596 potest
486 3519 588 3581 dudlei
602 3538 746 3597 apparere
759 3517 952 3597 probabiliua.
1031 3590 1038 3606 ·

125 3607 158 3666 Si
182 3605 355 3681 Advocatua
373 3597 459 3658 initio
483 3598 607 3660 eredens
627 3618 742 3661 caueam
761 3599 882 3678 juetam,
911 3598 941 3658 ln
967 3616 1035 3676 pro·
