2182 4036
51 200 54 243 ι
298 132 301 137 ’
337 176 382 218 uu
400 173 482 219 suus
499 172 544 217 rr
561 174 717 221 susurris.
949 164 1007 225 1⁰9

107 278 182 340 ilino
189 298 250 341 uon
262 279 334 340 lieet
346 279 481 358 sooipeuo
494 276 573 339 dous
585 290 639 339 sut
647 279 748 358 iegato
765 279 804 339 rb
813 279 875 353 illo,
893 280 952 362 ,qui
963 282 1008 344 iu·

51 246 155 499 Lssr
168 369 215 420 est
224 359 263 419 ud
277 359 419 420 solvende
432 356 534 419 debite
547 369 616 418 ortu
627 378 668 418 ox
680 358 770 419 titulo
782 380 919 421 oneroso.

94 476 97 483 ·
137 440 182 499 'oo
195 441 287 500 etium
300 438 391 499 debet
403 437 500 499 horres
519 437 653 499 defuuoti
674 438 759 519 priris
779 441 895 500 solvere
908 440 1012 503 debito

200 520 344 579 defuuoti
371 519 462 598 quum
481 517 582 597 legata
605 518 696 579 etiam
708 520 768 598 piu,
796 521 1008 599 &priusquam

74 666 78 671 ,
124 609 194 659 voto
204 601 375 679 promissus.
415 599 497 660 Votu
506 608 605 657 tamen
616 599 700 676 priuis
709 599 786 658 solui
796 600 906 660 debent
919 620 1008 682 quum

172 700 180 738 z
201 678 274 759 quio
285 681 382 758 ligant
394 696 553 756 personum
565 680 712 739 voventis.

51 759 218 911 modii?
231 759 372 830 ereditur,
394 758 446 837 qui
459 757 542 836 prius
556 756 732 818 solutionem
747 758 833 837 petit,
853 758 920 820 eliis
930 780 1008 840 pras·

125 838 133 853 ⁴
164 859 183 900 e
203 841 258 900 et?

107 917 164 976 XI.
185 918 224 978 R.
247 920 292 976 1⁰.
315 917 399 977 luter
411 916 577 977 oreditores
590 915 724 996 ejusdem
738 917 859 989 ordinis,
887 921 1008 996 proefsr·

51 997 157 1067 irardus
165 1009 221 1069 est,
230 997 293 1078 qui,
303 997 538 1076 sutequumforo
546 1016 660 1056 cessum
671 1006 726 1067 est,
740 998 823 1075 prius
830 997 1007 1058 solutionem

51 1079 160 1157 ’,Ῥεῑίῑς
171 1077 244 1156 quie
256 1078 287 1135 vi
299 1077 400 1155 legum
413 1097 475 1155 prae
490 1076 556 1135 eliis
570 1077 767 1136 oreditoribus
780 1088 827 1136 ost
839 1079 1009 1156 privilegiu·

51 1150 127 1219 bus:
148 1156 383 1236 “vigilantibus
405 1156 484 1215 enim
507 1156 577 1232 juro
600 1155 779 1215 subveniunt
792 1157 816 1215 =”
837 1159 927 1216 itaut
950 1159 1008 1236 ipsi

51 1220 172 1305 urbest
183 1245 282 1297 totum
290 1235 382 1306 solvi,
406 1235 463 1295 etsi
475 1235 590 1296 ueteris
603 1235 800 1295 oreditoribus
814 1236 949 1315 ejusdem
961 1257 1009 1298 ru·

51 1308 154 1375 trionis
167 1316 207 1374 nil
221 1325 399 1394 superesset.
991 1330 995 1343 ·
1049 1384 1056 1395 Ι

51 1410 54 1417 ’
102 1398 150 1455 2⁰.
171 1396 254 1455 Dum
268 1413 371 1454 omnes
384 1394 547 1455 creditores
567 1393 701 1472 ejusdem
716 1394 837 1466 ordinis,
859 1394 907 1453 vel
920 1397 1008 1458 simul

51 1484 178 1554 ··÷petuut,
192 1474 242 1533 vel
250 1474 347 1534 nulius
357 1494 461 1534 eorum
469 1475 546 1553 petit
554 1474 741 1545 olutiouem,
755 1476 941 1553 tuneouiqus
950 1496 1009 1554 -pro

70 1564 130 1615 rute
137 1553 235 1614 debiti
242 1554 415 1614 solvendum
425 1565 481 1626 est,
494 1574 549 1613 neo
559 1564 630 1612 tuno
639 1553 939 1631 grutifiostioniloous
953 1568 1008 1615 est.

101 1637 151 1693 3⁰.
165 1635 248 1694 Dum
259 1635 338 1694 iuter
347 1633 510 1693 creditores
518 1643 565 1693 est
574 1633 650 1691 ordo
658 1632 847 1710 praelatiouis,
859 1635 1010 1712 posterior

67 1713 192 1793 petendo
207 1715 394 1784 solutionem,
416 1733 475 1772 non
490 1712 618 1794 acquirit
637 1713 855 1791 praeferentium
866 1733 927 1792 prro
940 1713 1008 1787 illis,

71 1793 118 1875 qui
130 1795 229 1872 ipsum
242 1793 347 1852 ordiue
360 1792 541 1872 praelutiouis
555 1794 733 1870 praeoodunt.

66 1910 69 1915 ·
88 1868 186 1935 ,Hirro
194 1873 266 1932 lieet
275 1873 395 1964 quidem
406 1882 510 1952 petere
524 1872 702 1932 solutionem
713 1891 775 1952 proe
785 1872 899 1932 esteris
913 1872 1008 1939 credi·

68 1950 188 2023 toribus,
228 1953 261 2011 ui
282 1971 334 2031 Jus
357 1952 538 2032 prelationis
561 1971 622 2011 uon
636 1951 755 2023 habeut,
779 1952 871 2012 &tuli
884 1953 1009 2031 petenti,

65 2032 128 2093 sive
143 2032 208 2111 juri
231 2034 275 2093 'oe
298 2033 362 2092 sive
375 2032 524 2111 privatim,
551 2042 648 2091 totum
672 2033 798 2104 solvere,
825 2032 882 2092 etsi
894 2033 1009 2092 certeris

65 2108 198 2191 ejusdem
213 2112 326 2171 ordiuis
336 2112 379 2171 uil
387 2112 533 2190 suporsit3
546 2131 605 2171 nou
614 2112 686 2171 lieet
694 2123 794 2171 tumen
804 2111 1010 2171 fraudulenter

68 2191 318 2271 um‚praejudioio
332 2193 523 2262 eruditorum,
550 2192 602 2271 qui
611 2190 663 2269 jus
686 2191 866 2270 prrsiutiouis
890 2190 1008 2263 habeut,

66 2280 177 2348 ,petere
190 2291 247 2333 neo
260 2271 314 2329 tali
326 2273 441 2349 petenti
456 2290 522 2331 oum
535 2271 661 2330 aliorum
674 2270 785 2350 injuria
797 2270 923 2329 solvere.

105 2350 175 2409 Nou
188 2351 261 2410 lieet
274 2351 362 2409 etium
386 2349 515 2410 debitori
528 2369 651 2409 mouere
661 2351 852 2419 creditorem,
880 2360 914 2408 ut
926 2360 1010 2428 petat

67 2429 147 2509 prior
156 2429 345 2502 solutionem,
358 2436 385 2490 ἃ
398 2431 441 2489 rio
450 2439 547 2489 toturn
558 2430 587 2488 ei
600 2429 697 2490 solvat
707 2455 715 2500 ;
727 2431 798 2510 quia
808 2429 875 2488 tulis
885 2431 1010 2490 monitio

66 2509 322 2569 rer-fraudulenta
342 2512 369 2568 ds
389 2509 533 2588 injuriose
555 2509 620 2569 eliis
642 2509 848 2581 oreditoribus,
875 2509 938 2567 sire
951 2510 1011 2568 siut

71 2588 209 2666 ejusdem,
223 2591 287 2649 sive
301 2589 412 2649 diversi
426 2589 549 2649 ordinis.

106 2669 198 2727 Ausi
212 2668 314 2728 debita
335 2689 395 2727 nou
409 2669 510 2728 vulsus
524 2669 639 2728 soluere
654 2667 791 2726 omuibus
804 2665 1011 2739 oreditoribus,

72 2746 192 2808 solverit
204 2751 256 2807 uni
270 2747 382 2807 nullum
397 2747 449 2828 jus
462 2749 659 2827 proferentiae
670 2747 788 2817 hubent,
813 2747 864 2804 hio
882 2747 1013 2806 creditor

68 2835 204 2887 meatur
213 2828 373 2888 restituere
386 2829 452 2887 aliis
466 2829 672 2897 oreditoribus,
684 2826 845 2886 secundum
858 2826 1011 2908 quodipsi

70 2924 133 2965 usur
146 2907 266 2966 iliorum
280 2907 453 2985 praejudioio
467 2909 595 2968 solutum
610 2908 681 2967 est?

107 2986 185 3046 XII.
207 2987 246 3046 R.
266 3007 332 3046 oum
348 2987 492 3048 Duelmuu
517 2985 743 3065 distinguendo:
766 2985 798 3046 si
811 2985 862 3044 ille
881 2985 1012 3047 ereditur

71 3063 145 3124 hond
157 3065 217 3124 fide
231 3068 407 3143 perrexerit,
422 3077 523 3145 potest
536 3066 664 3126 solutum
675 3077 788 3138 tenere,
803 3065 956 3126 doneoslii
965 3069 1013 3126 vid

68 3143 140 3220 juris
154 3145 229 3204 illud
241 3155 389 3224 repetant,
399 3149 444 3205 uti
457 3147 596 3206 videntur
609 3156 746 3225 repetere
754 3164 905 3223 posse-per
914 3144 1012 3226 legem

71 3225 115 3284 24.
127 3225 180 3283 lib.
193 3227 241 3283 42.
257 3227 364 3304 digest.
374 3227 422 3284 tit.
437 3229 465 3284 8.
480 3226 570 3285 Ratio
585 3237 640 3296 est,
659 3225 739 3306 quod
754 3225 836 3297 iliud,
850 3225 930 3306 quod
944 3227 1012 3286 talis

71 3304 199 3364 ereditur
213 3307 336 3385 aceepit,
364 3315 444 3365 esset
460 3306 615 3384 proprium
636 3304 790 3376 debitoris,
814 3325 868 3365 neo
882 3304 968 3362 ultori
982 3307 1013 3362 ih

69 3384 164 3462 speeie
178 3383 353 3462 obligatum.
882 3386 886 3396 ‘

106 3464 140 3523 Si
154 3464 227 3523 sord
241 3465 372 3524 oreditor
391 3464 443 3523 ille
455 3463 633 3524 solutionem
647 3465 803 3543 acceperit,
824 3462 919 3522 sciens
932 3461 1016 3523 debi-

68 3550 164 3603 torem
184 3543 255 3602 iude
275 3543 341 3603 fieri
353 3545 550 3622 impotentem
562 3543 705 3604 solvendo
722 3542 789 3602 eliis
809 3540 1014 3614 oreditoribus,

65 3632 138 3681 tuno
145 3622 267 3683 videtur
274 3622 458 3683 restitutioni
465 3624 621 3696 obnoxius,
629 3644 690 3683 uon
697 3623 819 3704 praeoisi
827 3621 1024 3701 quiuiieuuru

62 3702 257 3839 &Quod
269 3706 340 3783 quis
345 3704 390 3765 sio
397 3704 518 3785 agendo
525 3715 711 3792 cooperatus
724 3715 774 3768 est
783 3701 914 3786 iu'sustu
924 3699 1047 3763 uoiuxix
