2160 4034
359 176 403 218 nn
423 171 673 221 muneramus.
934 165 997 225 277:

81 286 129 343 2⁹.
151 282 249 343 Error
257 279 335 341 circa
348 278 483 339 accidens
496 280 571 339 alius
583 278 731 339 redundat
744 280 775 339 in
789 282 992 357 substantiam,
1005 342 1010 349 .

49 359 116 423 nlius
130 383 204 422 non.
1004 354 1026 391 '¹

80 444 127 500 3⁰.
152 440 272 522 Aliquis
286 458 370 498 error
382 437 512 496 venitex
526 437 595 498 dolo
608 437 730 498 alterins
745 441 991 516 contrahentium,

49 519 115 579 nlius
130 542 190 580 nou
206 532 252 579 est
266 539 305 578 ex
317 519 396 589 dolo,
411 516 464 575 scd
477 517 526 577 vel
539 520 557 577 a
570 518 671 588 tertio,
682 519 729 577 vel
743 520 761 577 i
774 541 844 579 casu
856 522 992 582 fortuito.

78 603 126 661 4⁰.
151 601 240 659 Alius
253 618 338 658 error
361 607 408 655 est
429 597 618 669 antecedens,
638 597 714 657 alius
722 601 923 661 concomitans
936 623 990 662 seu

53 677 178 739 incidens
189 688 328 757 respectu
342 677 520 736 contractius.

81 760 160 833 Quis
174 779 260 818 error
272 758 381 816 dicitur
394 757 472 813 circa
485 754 702 817 substantiam?

79 839 145 899 111.
166 840 206 899 R,
229 841 274 896 1⁰.
296 835 351 895 llla
368 836 418 913 qui
432 845 478 893 cst
492 836 656 906 circorum,
677 836 714 895 de
729 857 787 915 qua
797 839 991 912 contrabitur,

51 936 71 977 r.
80 938 113 996 g.
139 919 166 978 si
184 937 265 977 emas
279 917 387 974 vitrum
408 933 464 991 pro
477 934 612 992 gemma:
631 915 700 974 talis
723 927 769 975 est
793 918 884 977 etiam
907 939 992 979 error

49 998 120 1057 rirca
134 1016 292 1076 personam
306 995 336 1053 in
351 1004 505 1054 contractu
519 995 708 1065 matrimonii.

59 1080 133 1135 .20.
156 1076 275 1136 Dicitur
298 1093 416 1155 quoque
439 1093 524 1133 error
547 1074 634 1132 circa·
647 1075 852 1147 substantiam,
873 1078 991 1158 qnando

49 1167 165 1217 erratur
178 1158 254 1215 circa
267 1166 402 1213 naturam
416 1154 604 1213 contractus:
628 1172 656 1211 s.
669 1174 699 1231 g.
723 1155 749 1213 si
770 1168 857 1233 putes
871 1157 926 1215 tibi
940 1157 992 1217 do·

49 1237 120 1304 sari,
142 1235 224 1314 quod
237 1234 293 1293 tibi
307 1233 457 1291 venditur.

56 1352 59 1357 -
75 1318 131 1374 30.
151 1316 210 1375 illst
223 1334 307 1373 error
320 1314 399 1372 circa
412 1312 614 1383 substantiam,
636 1313 660 1370 si
676 1323 792 1372 erretur
815 1316 893 1373 circa
905 1317 993 1375 moti·

49 1414 113 1453 rum
143 1392 337 1454 substantiale
359 1391 547 1450 contractius:
570 1411 598 1449 v.
621 1411 651 1469 g.
673 1392 745 1451 dare
773 1393 992 1474 eleemosynam

49 1474 113 1535 loto
128 1476 262 1552 pauperi,
283 1472 394 1531 donare
413 1470 510 1542 alicui,
532 1482 670 1552 tanquam
692 1474 929 1551 consanguineo,
942 1475 992 1553 qui

49 1555 282 1631 mnsanguineus
292 1571 351 1610 uon
365 1561 420 1610 est.

84 1633 182 1692 Aliud
195 1631 352 1692 dicendum
367 1631 392 1689 si
406 1648 491 1689 error
503 1629 544 1688 sit
553 1631 669 1690 tantiam
683 1631 761 1690 circa
779 1632 925 1692 motivum
939 1633 994 1692 im·

49 1712 195 1793 pubinum
222 1710 411 1771 contractbsr
440 1729 467 1767 v.
491 1729 521 1787 g.
551 1708 624 1769 dare
651 1711 868 1789 eleemosynam
896 1712 992 1783 alicui,

49 1793 119 1873 qnia
130 1812 203 1853 vere
216 1810 330 1869 pauper
341 1801 396 1860 cst,
417 1788 470 1848 sed
484 1788 572 1847 simul
584 1800 706 1868 putatur
719 1791 963 1869 consanguineus.

86 1875 135 1931 4⁰.
160 1873 291 1932 Vocatur
305 1871 395 1928 etiam
404 1887 489 1927 error
503 1868 580 1927 circa
593 1868 802 1941 substantiam,
815 1871 933 1951 quaudo
948 1890 994 1930 er·

49 1961 132 2011 ratur
142 1951 220 2010 circa
233 1949 369 2009 accidens
377 1948 548 2008 redundans
561 1948 593 2005 in
605 1949 809 2008 substantiam.

89 2032 166 2105 Quis
180 2050 265 2089 error
278 2028 387 2087 dicitnr
397 2028 474 2086 circa
487 2027 622 2087 accidens
635 2029 803 2088 redundans
817 2030 846 2087 in
858 2029 995 2099 substan·

54 2112 146 2171 tiam?
290 2118 293 2123 '

87 2188 143 2250 lv.
165 2189 204 2248 R.
232 2174 326 2257 Tunc,
347 2185 464 2266 qnando
488 2186 623 2263 accidens
637 2188 655 2245 a
668 2187 863 2247 contrahente
884 2190 993 2267 princi-

57 2268 158 2347 paliter
183 2267 358 2336 intenditur,
380 2267 442 2324 sive
463 2265 580 2343 quando
594 2266 667 2325 illud
690 2267 826 2326 occidens
839 2267 995 2346 estobjec-

55 2358 110 2407 tam
122 2345 288 2427 principale
302 2345 461 2404 consensus
474 2345 606 2403 omnium
620 2346 856 2405 contrahentium
872 2349 901 2407 in
915 2348 995 2406 simi-

55 2425 124 2487 libus
138 2425 385 2485 circumstantiis:
405 2440 433 2481 v.
446 2443 475 2501 g.
490 2425 556 2501 quis
570 2425 697 2484 intendit
711 2445 809 2484 emere
830 2446 934 2507 equam
945 2425 995 2503 ju-

57 2506 164 2567 niorem
188 2505 228 2564 acl
248 2506 353 2563 foetam
374 2503 444 2561 inde
464 2503 668 2575 obtinendum,
688 2516 719 2564 et
733 2505 872 2563 venditur
884 2524 996 2564 annosa

57 2585 132 2645 futui
155 2587 267 2663 inepta,
290 2593 335 2642 est
348 2602 433 2641 error
451 2582 528 2641 circa
541 2583 675 2642 accidens
689 2584 858 2643 redundans
878 2585 908 2642 in
928 2584 995 2642 sub·

57 2666 197 2724 stantiam.
240 2664 322 2723 Idem
338 2673 392 2731 est,
416 2660 441 2719 si
452 2661 517 2740 quis
532 2671 611 2720 emat
625 2664 799 2722 medicinam
820 2674 995 2736 emortuam,

56 2743 115 2805 lieet
129 2745 170 2804 sit
184 2753 312 2821 utroque
326 2761 395 2799 casu
408 2741 489 2799 nulla
502 2740 672 2802 substantia
688 2743 865 2802 differentia.

83 2824 163 2898 Quis
178 2823 286 2883 dicitur
300 2840 384 2880 error
392 2819 570 2880 antecedens
583 2832 720 2899 respectu
733 2824 912 2895 contractus,
930 2825 996 2902 quis

56 2903 277 2963 concomitans?

85 2982 125 3044 V.
147 2984 188 3042 R.
208 2980 399 3039 Antecedens
413 2989 467 3047 est,
489 2979 541 3057 qui
561 2979 612 3039 dat
630 3000 747 3039 cansam
762 2983 934 3052 contractui,
955 2983 997 3042 ita

54 3072 80 3121 ut
93 3063 159 3121 sine
174 3061 225 3119 illo
241 3070 409 3119 contractus
422 3079 482 3118 non
495 3060 601 3118 fuisset
621 3061 722 3119 initus.

83 3142 307 3208 concomitans,
328 3157 381 3198 seu
395 3139 527 3198 incidens
541 3149 588 3197 est
602 3134 661 3208 ills',
682 3140 736 3220 qui
746 3160 805 3199 nou
820 3140 871 3200 dat
880 3160 997 3200 causam

50 3221 224 3291 contractui,
246 3219 298 3278 sed
321 3217 417 3277 solrlm
431 3219 511 3288 facit,
532 3229 567 3275 ut
586 3217 728 3277 libentius
749 3220 913 3278 autcarius
928 3241 996 3279 con-

49 3301 159 3371 trahas,
180 3320 210 3357 v.
224 3318 254 3376 g.
267 3297 374 3357 cariori
389 3298 486 3375 pretio
502 3316 591 3356 emas.

81 3380 182 3439 Error
196 3399 235 3438 ex
249 3378 319 3437 dolo
333 3377 491 3455 dupliciter
511 3376 724 3436 committitur:
749 3380 805 3435 1⁰:
816 3378 897 3435 Dum
920 3376 996 3437 alter

49 3460 176 3536 positive
199 3469 301 3517 causat
321 3476 454 3515 errorem
467 3455 555 3513 dictis
578 3466 630 3514 aut
650 3457 746 3525 factis,
767 3457 937 3515 mentiendo
957 3457 997 3515 ad

49 3538 112 3599 deci
134 3538 266 3597 iendum.
287 3540 335 3594 20.
350 3537 431 3595 Dum
443 3535 521 3594 alter
534 3535 658 3593 tacendo
672 3536 800 3594 occultat
814 3535 927 3595 vitium
942 3538 997 3607 rei,

49 3558 132 3698 quod
153 3615 281 3677 debebat
307 3615 450 3683 revelare,
471 3615 509 3673 de
528 3634 588 3694 quo
612 3614 778 3693 specialiter
801 3614 842 3672 N.
857 3617 904 3675 25.
924 3626 945 3656 ‘⁸
959 3616 1017 3677 da·

49 3708 67 3735 “
81 3693 448 3775 emptione·venditione.''
983 3710 1011 3743 -ει

89 3776 255 3849 Quomodo
269 3794 353 3835 error
367 3779 392 3835 dc
406 3772 490 3834 dolus
501 3772 609 3835 vitiant
622 3773 827 3833 contractum?
