2182 4036
68 183 110 247 48
290 226 293 230 -
450 196 637 241 senonense

109 302 1015 384 Caenonem,quochyrographomestscriptamprinoipelis

69 380 188 443 debitor
201 381 316 447 tussim
337 393 437 461 potest
450 380 640 460 prescribere
651 395 786 461 tompore
808 387 845 443 10
857 403 1015 453 annorum

70 461 122 520 sed
135 461 230 520 haeres
242 462 333 539 ipsius
348 462 426 520 intra
437 461 597 532 biennium,
608 474 764 540 postquam
777 463 1016 525 monson-odim

69 540 242 602 innotuerit.
292 550 311 579 “
327 543 402 599 Post
417 542 508 617 depsu
532 541 593 603 hsce
618 554 755 620 tempora
788 543 848 624 (ait
873 542 1015 623 edistaim)

71 630 88 657 “
102 621 222 765 ῐᾶἓιηίηει
235 619 286 678 illa
305 619 353 699 (id
374 620 550 702 estdebite)
579 621 741 683 habeantur
756 642 817 700 pro
829 622 947 694 solutis,
961 640 1016 682 not

71 710 89 745 ⁵¹
142 699 311 761 minotio?

105 779 218 843 Edicto
237 780 272 837 le
287 778 430 841 Febouar.
454 781 538 850 1549,
560 778 630 838 data
643 791 688 838 est
710 781 920 858 interpretatio
940 790 1017 841 ente

68 859 166 927 rionis,
194 858 274 936 quod
295 857 407 917 scilicet
427 878 486 916 non
509 859 795 936 comprehendantur
820 861 1013 939 Pragmatio.

70 938 230 1006 Advocati,
251 939 474 1008 promissores,
489 938 541 1015 qui
555 938 633 997 ultio
647 938 795 999 biennium
811 941 940 999 officium
952 958 1015 998 eon·

69 1017 205 1085 tmuent3
225 1016 276 1075 sed
289 1017 699 1095 prmseniptioincipintalata
709 1020 856 1079 sententia
866 1019 1013 1079 definitive

69 1096 99 1154 in
110 1095 763 1174 principali&dependentibusdeterminata
972 1140 980 1161 t

110 1176 1017 1333 Huoe'pwiptmi⁰⁰⁰urrit⁰t⁸wiiiffldffiffiffl

69 1255 300 1335 utiam-dimum
311 1267 370 1326 est,
390 1256 439 1314 sel
458 1255 606 1319 monendo
618 1256 658 1316 de

15 1330 19 1349 ¹
70 1335 230 1404 biennium,
251 1337 294 1396 ait
307 1335 462 1396 Daelmnn.

109 1417 160 1473 Au
174 1416 236 1476 haec
247 1416 427 1494 praescriptio
439 1413 577 1474 carolina
591 1415 680 1475 etiem
694 1413 792 1476 mum
804 1413 895 1475 habet
906 1415 941 1475 in
951 1415 1013 1475 foro

69 1496 280 1557 eonscientiae?

110 1573 169 1635 111.
192 1576 230 1636 R.
251 1572 410 1654 negante,
430 1572 659 1635 liodtDeelmnu
683 1579 709 1633 n
733 1573 783 1633 alii
804 1574 892 1650 penei
906 1583 1016 1634 com

69 1652 178 1717 ditant.
217 1656 309 1717 Ratio
323 1665 378 1723 est,
395 1653 480 1731 -qudd
491 1652 682 1714 verbaedioti
694 1673 755 1713 non
769 1653 850 1713 eliud
860 1654 1017 1732 respiciant

68 1735 158 1811 eodm
168 1734 269 1795 iocum
283 1745 449 1803 externam,
470 1732 605 1808 negando
626 1732 738 1812 seilicet
749 1733 904 1804 euticetem,
919 1733 1015 1812 elapso

67 1812 197 1884 hiennio,
216 1836 277 1875 non
301 1813 373 1873 vend
397 1812 541 1889 privando
556 1811 736 1871 creditorem
752 1813 822 1889 jure
835 1832 910 1872 euos
931 1813 1016 1892 idque

68 1893 259 1954 confirmatur
269 1913 311 1951 ex
325 1911 371 1959 eo,
386 1890 646 1968 quaestionantes,
659 1890 730 1951 lieet
741 1891 978 1952 extraordinarie
987 1891 1016 1951 in

67 1971 197 2048 quonam
209 1971 379 2048 particulari
393 1990 463 2029 oasu
474 1969 571 2048 possit
588 1969 703 2039 edesse,
725 1971 904 2048 tegulariter
921 1981 1017 2031 temet

68 2049 163 2120 obsim
192 2051 233 2111 ed
257 2070 341 2111 casm
360 2060 460 2113 antem
477 2049 734 2110 extrsoidinarios
755 2051 837 2128 leges
851 2070 911 2109 non
926 2060 1018 2111 atten-

24 2174 29 2185 .
69 2129 152 2187 dunt.
193 2130 259 2188 Nec
269 2130 356 2188 aliter
365 2130 393 2186 in
403 2128 489 2206 praxi
500 2127 578 2189 sslam
588 2129 1020 2207 prascriptionemdtimooeatit

69 2219 218 2288 receptam
229 2230 294 2269 esse
305 2220 453 2268 testantur
465 2208 592 2287 Sylvius,
605 2210 749 2279 Herincx,
762 2209 810 2267 De
821 2209 902 2286 Oooq
913 2209 1019 2288 aliique

69 2291 273 2359 communiter,
295 2290 370 2348 sicut
383 2308 438 2367 pro
455 2288 601 2366 Hispania
614 2289 693 2348 idem
709 2298 837 2348 testatur
852 2288 1019 2361 Benace&

68 2386 123 2444 pro
139 2368 236 2431 Gallia
251 2371 371 2429 Pontes.

109 2447 165 2509 lv.
189 2445 570 2525 Praes'cripnonicarolinae
584 2447 677 2505 affinis
692 2458 737 2506 est
757 2448 852 2506 altera
869 2447 1019 2526 prescrip·

69 2526 297 2609 tionis'species,
318 2526 398 2586 dicta
421 2536 443 2564 ‘¹
459 2525 648 2607 Philippina''
668 2525 704 2585 ab
719 2525 816 2585 edicto
832 2525 967 2607 Philippi
982 2525 1019 2585 li.

70 2605 151 2673 edito
166 2609 185 2665 5
200 2607 305 2667 Martii
319 2608 403 2665 1571.
426 2624 484 2683 quo
496 2604 669 2675 dicernitur,
690 2605 811 2664 necessi
827 2605 965 2666 canones
977 2625 1019 2664 re·

70 2684 186 2744 dituum
200 2687 299 2764 plures
315 2705 402 2764 quam
427 2688 446 2742 3
467 2704 611 2744 annorum
625 2685 706 2762 exigi
721 2686 846 2762 possint,
868 2685 928 2744 nisi
943 2685 1020 2745 debi-

70 2773 152 2824 tores
166 2765 276 2825 fuerint
286 2765 415 2844 juridice
426 2763 616 2840 interpellati,
631 2763 679 2822 vel
693 2764 751 2822 nisi
765 2763 908 2823 dilatione
919 2763 1020 2842 petiti,

71 2861 102 2901 se
114 2844 262 2904 soluturos
274 2843 496 2923 spoponderint.
538 2843 613 2903 cum
628 2854 727 2902 autem
738 2843 867 2902 edictum
880 2844 937 2902 hoe
948 2842 1019 2902 iuni·

70 2923 379 3001 taturpraesumptioni
393 2922 515 2991 fraudis,
527 2922 557 2981 iu
571 2923 638 2980 foro
653 2921 839 2983 conscientie
853 2922 952 2983 locum
965 2941 1020 2982 non

70 3001 169 3070 habet,
191 3015 225 3063 ut
239 3015 323 3062 notat
338 3002 385 3060 De
402 3002 481 3080 Cooq
503 3010 521 3039 “
536 3002 573 3061 de
589 3000 759 3061 censibus.''

110 3081 282 3142 Notandum
298 3081 377 3160 qnod
401 3081 430 3137 in
456 3080 592 3139 censibus
611 3081 836 3140 dominicalibus
850 3081 1019 3140 censuarios

70 3161 142 3219 satis
156 3173 311 3222 censeatur
325 3159 463 3231 monitus,
485 3159 554 3218 dum
566 3160 712 3218 Dominus
726 3171 838 3219 statuto
849 3160 899 3220 die
912 3166 939 3219 δι
959 3161 1021 3218 loco

70 3240 221 3301 ordinario
237 3238 415 3320 expectavit,
437 3250 470 3297 ut
484 3258 597 3297 annuos
613 3241 748 3298 Oenones
762 3240 920 3318 reciperat.

109 3320 148 3380 V.
169 3322 261 3381 Est&
275 3319 333 3378 alia
343 3319 535 3396 praescriptio,
557 3319 800 3399 quaeiutroducta
814 3329 859 3378 est
869 3320 940 3397 jure
952 3336 1021 3413 gen·

70 3398 154 3470 tium,
170 3401 281 3461 scilicet
295 3399 355 3467 illa,
365 3398 424 3477 qud
434 3418 509 3457 unus
525 3398 593 3457 Rex
602 3396 648 3458 vel
665 3396 771 3457 Princo
793 3418 807 3456 s
821 3410 925 3457 contra
933 3398 1022 3457 almm

68 3479 233 3561 praescribit
249 3477 430 3548 Provincias,
452 3477 605 3549 Civitates,
626 3484 677 3537 &n
697 3496 752 3555 per
766 3419 936 3537 diuturnam
956 3494 1021 3571 pos·

70 3559 230 3618 sessionem
255 3577 355 3617 earum
377 3560 395 3616 d
415 3557 577 3635 majoribus
597 3558 667 3627 suis,
689 3556 744 3615 etsi
768 3557 878 3635 injuste
904 3556 942 3616 eb
967 3552 1023 3615 tilis

69 3635 196 3697 fuissent
205 3649 353 3716 occupatas
367 3638 394 3695 ds
408 3638 546 3696 detentas.
588 3636 766 3717 Exemplum
776 3634 925 3715 quoddam
936 3634 1022 3697 habo-

65 3726 118 3773 tur
128 3718 274 3778 lodicum
290 3737 355 3798 cap.
370 3720 415 3777 11.
437 3716 477 3778 V.
491 3719 541 3776 26.
