2160 4034
59 129 102 190 92
453 144 641 190 succussus

105 253 195 314 Hinc
207 252 348 324 viderint,
361 252 404 312 sit
417 251 555 323 Billnnrt,
566 250 686 331 quontis
700 248 878 311 oneribus&
891 244 1050 330 pericul''·⁴

61 350 97 392 se
115 334 270 414 objiciunt,
284 333 335 414 qni
347 331 428 390 nulio
435 332 627 412 inquisitione
640 331 729 401 fecte,
743 328 781 389 eb
792 328 930 389 omnibus
941 332 972 390 in

63 413 254 472 criminetim
267 421 379 481 emunt,
403 411 653 481 sfiliis-familias,
735 410 865 488 peribus,
886 411 977 469 militi
1011 410 1050 481 ’,

62 503 144 570 post
154 493 294 571 injustam
305 489 567 570 depraedationum,
582 492 634 549 bre.
654 509 674 548 u
697 491 706 548 i
718 489 821 549 subest
833 492 912 549 ratio
926 483 1050 565 suited*=

64 572 246 650 suspicandi
259 590 308 630 res
318 589 384 629 osse
398 569 533 628 furtivus.
1004 549 1050 623 rb!

116 653 151 711 Si
166 651 267 712 debite
280 648 474 727 inquisitione
484 648 573 718 facti,
599 648 723 709 dubium
737 657 843 717 cesset,
853 656 956 727 potest
968 647 1038 721 rod·

70 730 136 788 sibi
149 731 281 789 retinere
295 740 325 788 et
334 728 371 786 iit
382 746 537 807 possessor
550 726 634 788 bonne
647 727 728 786 fidoi.
1023 722 1050 793 ¹,

116 810 240 868 Dictum
251 817 407 885 estsupre:
423 815 441 850 “
449 809 548 866 snimo
557 807 614 866 sibi
622 805 803 876 retinendi;'’
818 807 888 886 quie
896 805 919 864 si
926 824 991 866 eme
1039 807 1050 839 ’·

73 889 178 947 enimn
189 907 253 946 rem
262 887 382 946 domiuo
393 885 548 957 reddendi,
557 896 629 945 tune
639 895 686 945 est
696 905 851 978 possessor
859 883 944 944 bonee
955 880 1050 961 fidet*

73 969 104 1025 ἃ
118 969 249 1046 pretium
261 969 279 1025 b
289 965 410 1024 domino
420 975 558 1042 repetere
571 975 681 1044 potest,
691 975 783 1042 Juxta
794 964 873 1023 dicta
881 965 975 1023 Num.
985 960 1050 1026 W

121 1046 181 1105 III.
196 1049 244 1103 20.
258 1046 339 1104 Dum
350 1045 532 1122 possessioni
541 1044 626 1103 bonno
635 1043 706 1102 fidei
718 1043 841 1102 dubium
852 1024 1050 1122 supervenit·L

76 1146 117 1185 nn
140 1144 190 1184 res
203 1125 243 1183 sit
255 1123 361 1193 alieno,
382 1132 502 1181 tenetur
516 1120 676 1200 diligenter
690 1121 843 1206 inquirere
857 1123 1017 1184 veritatem
1025 1102 1050 1196 αἱ

79 1206 155 1264 olibe
169 1203 270 1262 statim
284 1202 318 1260 fit
331 1215 485 1280 possessor
498 1201 583 1260 malm
597 1201 677 1261 fidei.
1027 1202 1050 1276 ,ξ

123 1283 156 1344 δί
170 1282 241 1341 vero
256 1281 412 1341 sufficienti
435 1281 628 1360 inquisitione
650 1281 739 1351 facti,
760 1279 884 1341 dubium
907 1283 1050 1355 manenti

80 1373 202 1422 tenetur
225 1381 280 1439 pro
305 1371 370 1420 rota
389 1359 472 1420 dubii
492 1361 653 1420 restituere
666 1372 801 1438 partem:
822 1360 902 1441 quod
927 1362 953 1418 si
977 1365 1050 1421 nol*

80 1442 180 1512 ibciat,
202 1460 256 1519 pro
270 1439 458 1517 illepnrteflt
471 1457 626 1517 possessor
638 1439 722 1499 muln
738 1439 817 1498 fidei.
1043 1445 1047 1457 ’

125 1521 157 1581 Si
172 1518 377 1598 deprehendat
389 1539 452 1578 rem
474 1538 540 1578 esse
553 1518 689 1590 alienum,
704 1517 872 1578 debetcum
888 1518 979 1577 titulo
994 1518 1050 1579 rei*

82 1610 211 1678 ecceptae
225 1599 346 1657 domino
367 1599 545 1657 restituere:
566 1597 718 1691 quodnisi
732 1597 830 1672 faciet,
856 1597 1050 1677 obligabitur}

83 1679 174 1739 etiam
188 1676 280 1737 titulo
288 1677 405 1754 injuste
418 1678 608 1755 acceptionis.
677 1716 680 1722 -
1046 1702 1050 1707 ·

124 1756 260 1816 Dubium
274 1756 460 1815 infundatum
474 1757 685 1815 contemnitur.

124 1837 242 1896 Eodem
255 1835 344 1893 modo
367 1835 597 1913 procedendum,
618 1835 690 1895 dnm
704 1834 771 1914 quis
782 1834 909 1906 dubitat,
934 1834 1041 1895 utrtbm

85 1916 173 1978 alteri
187 1914 297 1993 injuste
309 1914 447 1972 damnum
455 1913 601 1973 intulerit.

70 2023 73 2035 ‹
119 1986 207 2067 ¹Quid
220 1979 398 2064 facientium,
419 1993 445 2052 si
458 1993 592 2053 debitum
606 1993 647 2053 sit
660 1994 829 2054 incertum?

125 2074 182 2133 IV.
204 2074 243 2133 R.
264 2071 408 2131 Debitum
423 2072 533 2130 dicitnr
547 2073 703 2146 incertum,
726 2073 797 2132 dum
821 2073 960 2152 cognosci
978 2093 1040 2133 non

83 2161 194 2231 potest,
203 2172 240 2210 αιι
249 2148 403 2222 debentur,
413 2151 459 2211 vel
470 2155 613 2230 qnantum
626 2150 779 2211 debentur.
821 2152 856 2211 Iu
866 2153 912 2211 his
920 2152 1040 2213 ensibus

87 2233 232 2310 optimum
259 2240 305 2290 est
324 2241 359 2290 ut
371 2231 424 2290 fist
446 2231 606 2290 eonventio
630 2250 683 2291 seu
697 2232 858 2291 transactio
873 2252 938 2290 cnm
952 2241 1050 2310 perte:

83 2311 170 2371 leuse:
191 2329 257 2392 qum
271 2311 297 2369 si
309 2310 374 2369 fieri
388 2330 447 2369 nou
461 2311 565 2389 possit,
586 2311 738 2370 restitutio
749 2310 884 2370 facienda
894 2322 940 2370 est
948 2314 1050 2389 juxte?

85 2390 241 2466 arbitrium
256 2388 313 2447 viri
326 2389 491 2467 prudentis.

127 2469 162 2529 In
173 2468 280 2548 quibus
294 2468 402 2527 debitis
415 2468 536 2528 incertis
556 2469 656 2531 locum
669 2469 760 2530 hebet
774 2469 950 2550 compositio
971 2486 1050 2530 cum*

89 2550 181 2610 Sacro
195 2547 420 2607 Poenitentiariu
434 2547 592 2609 Romane?

127 2628 166 2688 V.
191 2628 230 2687 R.
253 2627 287 2686 in
302 2627 338 2685 iis
352 2626 547 2694 solummodo,
567 2647 633 2709 quse
646 2628 689 2688 ito
700 2627 813 2687 incerta
826 2639 904 2701 sunt,
925 2639 960 2688 ut
973 2648 1037 2688 nes·

87 2709 173 2779 ciam,
188 2706 235 2764 cui
250 2705 371 2765 debeam
387 2715 418 2765 et
452 2715 573 2765 uentum
588 2706 733 2767 debeam:
747 2708 779 2766 ἀἱ
793 2708 871 2768 enim
886 2708 977 2767 seiam
990 2706 1037 2767 'oui

76 2785 213 2863 ¹debeam
227 2795 258 2845 et
271 2795 414 2863 qnantum
428 2727 562 2857 behem,
583 2801 645 2845 sem
667 2807 701 2847 er
723 2807 779 2866 pro
793 2798 859 2847 rate
879 2787 961 2847 dubii
972 2789 1038 2848 sive

84 2866 163 2942 juris
176 2865 239 2925 sire
253 2884 396 2942 personae,
417 2865 464 2923 oui
479 2864 584 2938 debeo,
599 2884 632 2925 αα
657 2867 771 2927 efacere
784 2876 898 2927 teneor.

88 3044 129 3104 N.
143 3045 191 3102 55.
225 3042 289 3103 AN
309 3042 512 3104 ACOEPTA
535 3042 594 3105 OB
616 3045 730 3107 OPUS
751 3045 915 3107 MALUM
937 3044 1039 3108 SINT

392 3123 735 3186 RESTITUENDAi
954 3129 957 3133 ’

89 3221 115 3282 I·
134 3220 256 3300 Accepta
270 3241 328 3300 pro
347 3240 427 3300 opere
445 3223 632 3364 reptandi.
651 3223 702 3285 Aa
727 3227 844 3286 meme
869 3226 959 3299 ltoeat,
980 3229 1039 3298 dtu

495 3323 521 3382 P
618 3344 627 3363 ι

129 3400 155 3459 Ι.
176 3399 294 3460 RESP.
311 3401 356 3457 10.
378 3400 566 3461 Conveniunt
581 3402 744 3477 Antbores,
769 3404 849 3485 quod
869 3397 1040 3468 contractus

88 3480 127 3540 de
137 3498 227 3557 opere
241 3479 319 3539 molo
333 3479 471 3539 faciendo
484 3484 523 3540 sit
535 3481 642 3542 nuilus.

89 3558 1040 3706 retribueremus{triennem

89 3681 279 3780 taliameritb
293 3717 468 3780 addicentur
481 3717 562 3781 fiseo.
660 3685 669 3702 ·
804 3661 853 3724 poe
