2160 4034
325 176 369 217 nu
388 174 469 218 sums
490 174 531 218 ur
551 174 705 219 susurris.
960 164 999 220 83

70 296 73 305 ·
87 277 166 353 Quid
180 278 206 337 si
221 298 281 347 res,
306 296 372 357 quse
389 280 480 358 periit
493 279 573 357 apud
591 294 792 358 possessorem
805 266 899 337 ¹mulus
917 278 998 339 odei,

50 359 131 417 etism
145 358 290 436 periisset
304 359 383 436 apud
397 360 574 418 domiuum?

85 436 141 497 lv.
163 439 205 497 R.
227 439 417 497 Conveniunt
431 438 589 517 Theologi,
611 437 690 516 quod
712 437 735 495 si
751 436 890 517 res'upud
905 436 1000 496 dumi·

49 534 113 575 sum
128 528 198 575 erat
212 518 346 595 peritura
359 536 398 575 ex
411 515 519 595 injuria
528 517 646 575 formali
657 517 780 591 alicujus
792 518 883 588 tertii,
899 528 999 576 tenea-

49 596 146 654 sured
160 597 401 656 restitutionem:
422 599 498 655 ratio
509 607 564 666 est,
577 597 655 674 quod
666 598 716 675 qui
728 597 873 674 praevenit
886 597 999 655 damni·

49 674 225 746 iustiorem,
245 677 335 735 etiam
348 676 512 755 praeveniat
525 676 702 734 restituendi
718 674 940 754 obligationem.

79 756 130 812 2⁰.
154 755 188 815 Si
203 776 253 814 res
267 766 403 833 tempore
416 755 573 814 ablationis
591 755 727 813 fueritin
742 767 821 813 statu
836 765 895 814 tam
910 756 998 813 mise·

49 830 127 891 rabili
143 845 178 892 ut
188 854 229 894 ex
240 846 312 893 tuno
321 833 431 893 nuliius
440 834 550 894 valoris
559 835 765 903 estimaretur,
779 854 834 893 neo
844 834 998 894 meliorem

49 923 152 971 natum
167 914 387 992 aequisivisset,
400 934 459 973 noo
469 924 589 973 tenetur
598 913 636 972 ad
647 913 876 972 restitutionem.
905 914 998 973 Casus

49 1003 96 1061 est,
116 993 143 1051 si
159 994 230 1072 quis
244 992 371 1052 abducat
384 1006 493 1072 equum
507 993 646 1064 alienum,
660 993 720 1073 qui,
735 1012 797 1071 prae
809 992 924 1064 morbo,
944 993 997 1051 vix

49 1070 78 1129 si
89 1070 171 1130 diem
183 1071 337 1151 judicatur
352 1074 583 1151 supervicturus.

59 1180 62 1185 ·
78 1152 127 1209 8⁰.
142 1151 179 1211 Si
187 1151 567 1222 vertitautsimdubinmsit,
577 1172 614 1211 an
623 1170 671 1209 res
681 1150 785 1210 eodem
795 1150 998 1229 modoperiis·

49 1231 178 1309 setapud
190 1231 353 1300 dominum,
364 1231 450 1290 mulae
459 1231 528 1290 fidei
538 1250 691 1310 possessor
699 1241 819 1289 tenetur
829 1231 932 1289 saltem
942 1250 998 1308 pro

49 1320 105 1367 rata
122 1309 231 1369 dubii:
251 1310 314 1369 imo
327 1311 414 1368 multi
429 1311 542 1380 volunt,
564 1310 647 1389 quod
664 1320 802 1368 teneatur
815 1311 853 1369 ad
866 1309 998 1371 valorem

51 1388 132 1447 totius
145 1390 206 1460 rei,
227 1389 297 1449 lieet
310 1390 375 1448 siue
388 1389 476 1468 eulpa
488 1388 572 1449 mole
587 1389 658 1448 fidei
671 1389 850 1467 possessoris
865 1388 998 1468 perierit.

82 1466 163 1541 Quid
179 1469 206 1526 si
221 1489 271 1528 res
284 1488 353 1527 casu
365 1470 492 1529 fortuito
506 1469 630 1547 perierit
649 1469 728 1546 apud
747 1469 832 1527 malae
846 1469 915 1526 fidei
928 1488 997 1546 pos-

54 1564 200 1619 sessorem,
239 1568 283 1607 uas
296 1548 434 1607 similiter
448 1550 530 1607 certo
545 1548 682 1626 periisset
695 1548 774 1625 apud
789 1548 963 1607 dominum?

72 1624 115 1686 V·
136 1627 180 1686 R.
237 1628 415 1687 idetnroum
432 1628 585 1706 Wiggers,
607 1626 762 1698 Deelman,
784 1627 922 1697 Biiluart‚
943 1630 997 1685 &e

56 1717 142 1764 unua
169 1706 310 1766 Lessium
332 1707 500 1775 dioeudnm,
528 1706 607 1785 quod
628 1706 765 1784 equidem
788 1707 934 1765 obnoxius
958 1708 998 1764 sit

57 1784 248 1845 restitutionis
269 1787 346 1845 ratio
361 1798 417 1856 est,
439 1786 531 1863 quod,
551 1786 622 1844 lieet
635 1785 931 1844 desierittitulusrei
951 1804 999 1843 ao·

56 1876 140 1942 eptoe,
163 1865 285 1925 ratione
299 1865 382 1943 enjus
396 1866 533 1924 dominus
547 1865 692 1924 actionem
708 1864 835 1923 habebat
852 1866 882 1923 iu
903 1865 996 1943 ipsam

49 1960 107 2014 nm,
121 1955 252 2004 maneat
265 1944 402 2022 equidem
418 1944 523 2003 titulus
534 1945 651 2024 injuste
666 1944 855 2023 acceptionis,
869 1945 899 2002 vi
909 1944 998 2021 ‘cujus

51 2020 179 2081 dominus
195 2024 356 2103 aequisivit
369 2023 517 2082 sotionem
538 2023 724 2101 personalem
746 2025 776 2081 in
797 2041 998 2102 possessorem

49 2102 118 2161 nula)
134 2103 224 2173 fidei,
239 2123 304 2181 quae
318 2104 396 2161 aetio
409 2115 519 2173 manet,
533 2102 603 2162 lieet
617 2123 665 2161 res
680 2102 812 2180 perierit.

72 2183 252 2257 Praeterea,
270 2194 304 2241 ut
317 2182 429 2255 dietum
443 2192 490 2241 est
503 2184 532 2240 iu
547 2183 606 2242 fine
624 2179 665 2241 N.
678 2185 727 2241 43.
757 2193 776 2220 “
789 2183 892 2253 Paeto,
911 2182 998 2243 moris

49 2261 114 2321 ‘vel
131 2263 228 2340 enlpri
240 2261 486 2339 praecedentibus,
505 2282 589 2321 iesus
603 2261 692 2320 etiam
707 2262 849 2321 fortuitus
870 2262 996 2340 imputa-

49 2350 54 2377 ¹
67 2351 119 2401 tur
128 2340 158 2401 =”
179 2342 268 2418 atqui
282 2341 312 2399 iu
326 2361 395 2400 oasu
408 2340 494 2413 adest
509 2341 595 2421 culpa
609 2343 635 2399 δι
648 2361 748 2400 mora:
769 2360 852 2420 ergo,
867 2344 919 2401 &e

72 2419 238 2493 Ulterius:
259 2421 284 2478 si
308 2440 357 2479 res
382 2434 482 2498 empta
506 2423 532 2479 δι
556 2420 645 2479 hodie
667 2420 785 2490 tradita,
810 2441 873 2479 oras
894 2430 997 2498 pereat

49 2499 112 2575 pud
129 2511 303 2577 emptorem
317 2520 374 2558 nou
390 2500 489 2560 soluto
498 2501 605 2579 pretio,
620 2520 686 2577 qne
696 2499 780 2558 oertri
793 2500 881 2561 etiam
893 2500 997 2576 periis-

51 2581 73 2635 it
97 2579 184 2655 apud
207 2579 394 2638 venditorem
419 2579 523 2638 eodem
548 2579 647 2650 modo,
670 2578 860 2637 nihilominus
879 2589 997 2656 emptor

49 2658 168 2715 »retium
186 2669 308 2716 tenetur
322 2658 456 2717 solvere:
477 2678 550 2736 ergo
565 2658 714 2716 &fortiori
729 2659 787 2716 fur.

52 2778 56 2783 -
76 2736 150 2815 obj.
168 2737 197 2796 l.
217 2737 367 2797 Dominus
381 2738 411 2795 in
426 2758 495 2796 casn
511 2739 609 2815 posito
626 2737 738 2795 nullum
760 2736 898 2794 damnum
919 2735 997 2814 pati·

49 2836 94 2884 ur,
109 2819 182 2874 enm
198 2820 303 2875 eodem
317 2817 407 2875 modo
421 2817 498 2894 apud
509 2820 604 2895 ipsum
616 2837 664 2874 res
679 2816 831 2894 periissetr
854 2835 936 2893 ergo,
946 2821 997 2874 &e

77 2896 116 2954 R„
130 2895 216 2972 Neg.
231 2908 326 2954 anteo.
340 2897 411 2973 quia
423 2917 461 2955 eo
475 2897 540 2974 ipso
555 2916 614 2974 quo
635 2896 785 2954 dominum
805 2895 943 2974 spoliavit
963 2915 996 2953 re

49 2976 100 3044 rut,
122 2975 288 3033 efficaciter
302 2977 357 3053 ipsi
373 2977 511 3033 damnum
527 2975 645 3033 intulitr
666 2995 731 3032 oum
746 2975 824 3033 enim
837 2993 923 3032 ausus
943 2973 998 3032 iile

49 3055 185 3112 iortuitus
198 3056 321 3132 ignotus
336 3066 423 3124 esset,
437 3075 486 3113 res
500 3055 570 3113 dum
584 3053 774 3113 auferebatur
785 3065 849 3111 erat
863 3052 996 3130 ejusdem

49 3133 260 3203 estimationis,
285 3153 318 3191 ao
332 3135 357 3191 si
371 3136 505 3211 peritura
525 3154 583 3191 uon
604 3134 728 3192 fuisset:
754 3132 836 3269 spurid
860 3133 1000 3210 periisset

49 3213 114 3288 opud
141 3212 301 3270 dominum
326 3233 364 3270 ex
386 3232 473 3271 eausa
496 3233 556 3270 non
580 3213 706 3290 praevisa
733 3232 765 3270 su
780 3232 827 3270 nm
855 3213 936 3282 iireit,
965 3222 998 3270 ut

49 3292 193 3360 damnum,
209 3292 290 3369 quod
301 3291 407 3351 fuisset
421 3292 507 3350 alteri
521 3312 616 3350 eausae
630 3291 843 3370 imputandum,
855 3292 910 3350 tibi
919 3310 999 3348 uuue

51 3382 223 3448 imputetur.

78 3450 223 3509 Observa
242 3449 509 3509 damnificationem
531 3449 670 3508 estimari
685 3471 743 3509 non
759 3450 868 3510 debere
890 3468 994 3508 sernu-

53 3528 108 3595 tlum
131 3531 307 3600 utilitatem,
332 3529 571 3610 quemdominus
591 3531 725 3608 percipit,
748 3541 799 3588 aut
819 3529 996 3607 perciperet,

54 3610 91 3666 sed
99 3610 268 3668 seeundum
281 3609 409 3667 valorem
420 3611 464 3667 rei
476 3609 505 3667 in
517 3630 562 3668 ses
576 3609 706 3690 alioquin
718 3619 902 3688 sequeretur,
914 3608 997 3686 qnod

54 3707 98 3746 ron
102 3698 216 3825 peccet
226 3687 285 3757 ilie,
295 3689 345 3767 qni
356 3690 454 3748 aufert
465 3690 483 3748 i
493 3689 612 3749 domino
623 3708 767 3751 summam
776 3688 918 3768 pecuniae,
930 3706 997 3769 quae

55 3785 98 3843 apo
134 3788 204 3827 eum
220 3768 341 3840 latebat,
357 3770 382 3826 ἃ
396 3787 514 3848 semper
528 3768 672 3830 intuisset.
