2182 4036
334 164 379 206 nn
398 162 481 207 sune
500 162 542 205 nr
561 160 716 205 Jusmrm.
945 150 1002 208 221

89 265 168 325 Inst.
188 264 285 345 Atqui
299 264 408 325 occidit
421 264 585 325 moraliter.
626 264 795 325 Probatur:
817 268 888 348 quia
900 268 1005 328 volun-

51 345 128 425 tarie
142 344 229 424 ponit
241 345 389 405 actionem
403 346 485 405 certo
498 345 680 404 causativum
694 345 819 405 mortis:
840 366 923 424 ergo,
933 355 986 409 dre.

90 424 132 485 It
146 423 294 503 Negaudo
304 444 424 507 conseq.
434 426 511 485 ratio
522 436 578 495 eat,
592 424 672 503 qudd
682 445 742 484 non
752 435 844 502 ponet
858 428 1006 488 actionem

51 504 232 565 tarentinam
245 505 361 576 mortis,
376 504 522 587 quatenus
535 505 717 563 causatiram
730 505 845 576 mortis,
867 505 920 565 sed
934 527 1005 588 qna·

51 583 139 645 :enos
160 587 208 642 sul
227 583 430 644 defensivem:
450 605 517 644 cum
537 584 617 644 enim
632 585 747 662 justam
761 604 879 643 causam
899 585 1007 646 babeat

51 662 183 743 ponendi
198 663 411 734 defensionem,
432 664 501 723 binc
514 683 572 722 uon
588 673 634 723 est
647 663 768 722 moralis
783 684 871 722 censa
883 667 1006 727 mortis:

51 741 128 805 nibil
141 743 221 803 enim
234 743 383 822 probibet,
406 742 450 803 ait
465 744 495 804 S.
510 744 618 805 Thom.
632 745 719 803 nnius
740 749 823 803 actus
844 763 910 803 esse
932 744 1008 806 duos

51 822 186 893 affectus,
208 843 335 904 qnorum
348 823 426 883 alter
439 824 478 882 sit
492 823 588 883 solum
602 824 632 882 in
647 824 823 893 intentione,
842 824 918 882 alius
932 827 1006 887 verb

51 911 164 981 preter
183 902 391 963 intentionem.
431 903 611 981 Exemplum
631 904 702 981 poni
715 912 816 981 potest
830 905 859 961 in
874 904 1006 975 Medico,

51 981 105 1061 qui
128 981 265 1061 praecipit
285 982 396 1062 aperiri
415 1002 521 1042 renam
549 983 676 1053 infirmo,
709 1002 749 1041 ex
772 1003 831 1063 que
850 985 1007 1062 apertione

51 1062 134 1121 corti>
148 1062 205 1122 ecit
218 1072 387 1122 secuturum
410 1063 501 1121 enimi
522 1061 696 1140 deliquium,
718 1062 798 1141 quod
819 1083 925 1123 revera
943 1065 1008 1143 ipse

51 1140 156 1211 nollet,
171 1141 197 1201 si
209 1141 298 1201 aliter
310 1141 444 1201 infirmus
458 1152 560 1221 posset
573 1143 688 1201 sanari:
708 1142 738 1200 in
753 1142 810 1201 hoc
823 1163 893 1202 cetu
907 1144 1008 1203 Medi·

55 1239 106 1280 tus
116 1220 181 1279 vult
192 1220 317 1281 sulutem
327 1222 437 1280 infirmi
451 1231 470 1260 ‘⁴
481 1234 515 1280 nt
524 1221 641 1293 linem‚”
655 1221 843 1282 emissionem
855 1224 1008 1302 sanguinis

55 1306 76 1339 ‘⁴
87 1309 121 1361 ut
145 1300 310 1360 mediam?
331 1300 496 1380 deliquium
516 1312 617 1361 autem
634 1302 714 1360 istud
733 1301 814 1360 nullo
828 1302 918 1361 modo
932 1303 1007 1373 vult,

51 1378 157 1439 nisiut
171 1379 283 1459 aliquid
304 1380 392 1439 simul
412 1401 539 1520 sequens
559 1391 670 1459 preter
689 1381 889 1442 intentionem
911 1398 1005 1453 suam,

55 1458 134 1539 qnod
147 1478 207 1519 non
222 1470 361 1519 censetur
372 1480 440 1520 mor
470 1461 528 1520 iter
541 1460 630 1519 velle.

94 1537 169 1599 inat.
191 1539 235 1599 ΙΙ.
257 1540 318 1614 Qui
332 1539 397 1599 vult
410 1560 527 1600 causam
542 1560 596 1618 per
610 1559 642 1598 se
655 1539 782 1618 alicujus
795 1541 930 1611 effectds,
951 1541 1008 1600 sal·

56 1626 116 1679 tem
128 1618 275 1679 indirecte
289 1618 354 1678 vult
367 1620 506 1679 effectum
516 1621 547 1678 in
559 1639 595 1678 ea
605 1640 693 1677 causa
702 1639 757 1697 per
770 1639 803 1678 se
816 1631 1008 1680 contentum:

56 1716 128 1776 orgo
143 1698 238 1777 quiin
253 1718 323 1758 casu
336 1697 401 1759 vult
411 1700 502 1759 talem
512 1698 725 1770 defensionem,
741 1699 805 1759 vult
815 1699 921 1759 saltem
932 1700 1009 1759 indi·

55 1786 136 1838 recte
149 1778 273 1838 alterius
286 1779 475 1839 occisionem.

83 1856 134 1931 ,R
147 1856 199 1917 Ex
209 1867 360 1937 assumpto
374 1857 413 1918 ad
427 1876 574 1919 summum
585 1856 730 1935 sequitur,
744 1857 828 1936 qnbd
838 1857 907 1916 talis
917 1858 1009 1917 istum

53 1934 194 1997 effectum
208 1937 282 1997 velit
300 1937 425 2017 physice
444 1948 476 1998 et
495 1937 702 2006 materialiter,
723 1936 776 1996 sed
791 1957 849 1996 non
864 1937 1009 2016 sequitur,

58 2016 136 2097 qadd
150 2017 241 2077 istum
249 2017 389 2078 effoetum
397 2016 471 2077 velit
479 2017 633 2077 moraliter
644 2026 676 2075 et
686 2015 919 2096 imputabiliter3
939 2017 1011 2097 qnia

57 2105 91 2157 nt
102 2096 227 2159 effectus
241 2097 281 2156 sit
295 2097 480 2157 voluntarius
494 2107 525 2157 et
542 2095 735 2176 imputabilis,
756 2096 922 2175 requiritur
935 2098 1009 2156 obli·

56 2175 136 2317 qqtio
158 2196 218 2235 non
238 2177 368 2255 ponendi
383 2196 519 2248 causam:
534 2176 598 2255 jem
612 2187 713 2236 autern
727 2176 769 2234 sic
790 2196 822 2235 se
845 2176 1009 2237 defendens

93 2254 146 2315 bet
154 2254 268 2335 justam
283 2276 400 2317 eausam
414 2256 545 2336 ponendi
559 2256 640 2315 illam
653 2256 810 2315 actionem.

97 2334 170 2415 obj.
193 2335 235 2394 ΙΙ.
266 2336 390 2396 invasus
409 2337 439 2395 in
461 2357 531 2396 casu
551 2334 681 2395 intendit
702 2347 829 2395 mortem
854 2335 1010 2395 invasoris.

60 2412 225 2475 Probatur:
245 2416 323 2475 ectio
341 2415 437 2475 invasi
454 2436 514 2476 non
536 2425 582 2474 est
602 2414 764 2486 desentire,
785 2414 843 2474 nisi
864 2413 1011 2492 qnatenus

57 2492 200 2555 oecisiva:
220 2514 294 2575 crgo
308 2494 491 2556 intendendo
509 2495 657 2555 actionem
677 2493 861 2554 defensivem
882 2493 1012 2553 intendit

58 2584 195 2635 mortem.

54 2696 58 2701 -
94 2652 134 2713 R.
154 2653 304 2732 Negando
323 2673 381 2714 ass.
402 2651 526 2734 ejusque
547 2653 775 2733 probationem:
799 2651 870 2731 quie
893 2661 1011 2712 tentum

57 2750 159 2791 rerum
171 2744 228 2804 est,
242 2732 322 2813 quod
333 2733 469 2794 intendet
479 2734 627 2795 actionem
637 2731 831 2801 detensium,
846 2752 911 2813 qam
922 2732 1011 2792 simul

77 2811 176 2873 uidem
190 2822 237 2871 est
251 2813 387 2884 occisiva,
401 2813 455 2874 sed
469 2830 538 2874 een:
548 2823 583 2872 ut
597 2811 686 2872 talem
700 2830 760 2869 non
774 2811 913 2871 intendit.
949 2812 1010 2871 De·

56 2831 180 2950 deenen:
204 2911 278 2970 ergo
298 2891 329 2950 in
347 2912 418 2952 casu
435 2892 564 2953 intendit
585 2890 841 2951 conservationem
857 2892 926 2951 vitae
946 2902 965 2933 ‘⁶
976 2903 1011 2950 ut

58 2978 75 3007 ‘⁴
87 2970 205 3041 fiuem‚”
218 2984 250 3030 et
263 2973 410 3032 actionem
423 2972 607 3033 defensivam
628 2981 646 3009 “
658 2979 692 3029 nt
708 2971 856 3029 medium”
876 2991 1012 3032 necesse·

56 3048 152 3120 rium;
172 3070 238 3128 quoe
258 3049 402 3123 defensio,
425 3072 494 3110 cum
507 3050 616 3110 babeat
629 3049 704 3108 duos
719 3050 852 3121 effectus,
868 3050 953 3130 jueta
974 3051 1010 3109 de

58 3148 145 3188 musa
158 3128 249 3189 babet
263 3149 295 3190 se
308 3131 484 3210 permissive
497 3131 536 3190 ad
549 3130 688 3189 effectum
702 3130 823 3201 malum,
838 3141 869 3190 et
881 3130 1012 3190 intendit

56 3208 199 3269 effectum
224 3209 350 3281 bonum:
374 3210 454 3270 unde
478 3210 569 3269 etiem
593 3209 763 3288 negandum
786 3220 842 3282 est,
863 3211 1011 3269 actionem

56 3306 116 3348 aon
131 3307 198 3348 esse
213 3287 395 3348 defensivam
409 3289 467 3349 nisi
479 3288 629 3348 mediante
643 3299 750 3347 morte.

97 3368 174 3427 Inst.
195 3367 292 3446 Atqui
306 3369 384 3428 actio
398 3369 450 3428 ille
471 3367 636 3427 intenditur
650 3378 684 3426 ut
697 3378 744 3427 est
757 3367 894 3426 occisiva.
936 3368 1011 3425 Pro·

53 3445 162 3508 batur:
183 3447 254 3540 quia
263 3446 331 3508 ideo
342 3448 462 3507 invasus
474 3446 573 3526 potitis
584 3447 748 3525 sclopetum
758 3447 863 3523 dirigit
872 3445 911 3504 ad
921 3457 1013 3523 ceput

56 3537 109 3586 aut
123 3545 177 3585 cor
189 3526 346 3599 invasoris,
361 3546 449 3606 quam
463 3527 502 3586 ed
515 3526 636 3586 brachie
650 3527 698 3586 vel
711 3525 812 3605 pedes,
833 3535 867 3583 ut
880 3525 957 3609 ictus
972 3527 1012 3585 sit

56 3605 224 3667 oecisirus:
244 3625 327 3685 ergo,
342 3606 393 3665 dcc.

95 3686 137 3748 la
150 3682 302 3764 Negando
315 3685 433 3766 subseq.
446 3685 572 3768 ejusque
584 3684 816 3768 probationem:
829 3683 905 3746 'adeo
914 3684 1027 3760 dxixqgm
