2160 4034
298 164 343 207 nn
360 164 441 208 suan
461 165 504 210 ur
522 164 676 210 cosmum.
905 154 966 216 215

49 267 185 327 uocantis
205 266 365 339 occidendi.
386 278 422 329 ιιι
441 279 603 348 propterea
625 265 793 348 respublica
813 272 967 351 se'potins

49 344 197 441 remissive
209 346 318 408 babere
331 349 428 428 possit
440 349 471 409 in
484 368 554 409 casu
567 350 741 425 innocentis,
752 350 841 431 quam
854 352 885 411 in
898 370 968 414 essu

49 443 155 503 ugrum.

85 630 89 637 .
146 576 149 581 ’
182 584 223 644 Ν.
244 585 311 643 123.
350 585 412 645 DE
430 584 590 647 Junlcn
610 586 804 651 FAMOSO.
863 632 865 637 .

54 786 58 793 Ι
108 704 145 765 S.
172 704 268 765 iboni.
287 725 316 783 q.
336 705 384 765 64.
403 715 458 765 ort.
478 705 507 764 6.
526 706 568 765 nd
578 707 607 764 3.
626 703 652 782 ᾇ·
672 727 701 785 q.
722 708 770 767 67.
789 718 845 769 ort.
857 709 887 767 2.

66 826 658 906 Sijudcspricctimnceccts'nnoocatem‚
680 828 970 909 aonpotirtmmod

355 917 468 966 mortem
486 909 644 967 damnare.-

55 1026 243 1088 llAMOSA
263 1036 310 1087 est
322 1028 456 1109 quaestio,
483 1029 555 1111 qnid
575 1048 665 1109 agere
686 1010 794 1090 debeat
807 1028 919 1102 Judex,
940 1029 966 1088 si

49 1106 134 1167 isati
144 1106 270 1167 scientia
279 1117 381 1167 noscat
391 1107 519 1188 aliquem
528 1127 593 1170 esse
602 1108 798 1181 innocentem,
804 1108 856 1189 qui
866 1120 966 1169 tamen

51 1184 174 1265 judicio
187 1185 331 1265 probatur
344 1188 435 1249 reus?

50 1266 184 1327 cenum
206 1275 262 1337 est,
282 1264 320 1324 ab
342 1268 401 1327 isto
414 1264 523 1329 Judice
547 1265 744 1328 adhibendam
769 1286 834 1327 esse
848 1285 967 1328 omnem

49 1343 515 1485 {fftlltmctllfflltlct
528 1342 964 1505 tlltttlttttffltl’lt

333 1467 342 1497 ι
773 1467 782 1496 ι
952 1459 964 1474 ·

49 1522 73 1562 ιι
88 1503 300 1576 examinando,
327 1513 361 1563 nt
380 1504 474 1583 possit
496 1502 624 1566 inveniri
647 1505 851 1578 contradictio,
873 1513 965 1584 prout

49 1582 85 1643 rit
109 1583 222 1643 Daniel
238 1603 300 1678 pro
326 1582 478 1645 Susanna:
499 1582 548 1644 vel
568 1584 709 1656 curando,
730 1584 755 1643 si
778 1584 873 1667 possit
900 1584 964 1644 sine

49 1661 164 1734 tndalo,
190 1672 225 1722 nt
237 1682 378 1723 innocens
390 1662 463 1742 fugi
476 1661 618 1736 elabatur,
643 1663 691 1723 vel
703 1661 884 1724 remittendo
896 1681 965 1723 eum

49 1792 51 1800 .
64 1742 256 1821 superiorem
263 1742 404 1821 judicem,
426 1761 513 1824 quem
534 1752 654 1803 moneat
667 1740 705 1804 de
717 1738 856 1816 falsitate,
870 1751 902 1802 et
914 1741 963 1802 oui

60 1830 174 1885 testem
188 1821 323 1881 veritatis
338 1821 453 1892 offerat,
473 1826 525 1881 &c

56 1899 153 1975 Quid,
177 1900 202 1960 si
216 1899 356 1960 adhibitis
370 1900 416 1958 his
428 1899 545 1972 mediis,
567 1900 754 1962 innocentem
765 1899 894 1963 liberere
914 1919 967 1961 na·

49 1990 108 2041 reat
130 1978 199 2060 (qni
213 1998 307 2049 casus,
330 1988 365 2037 nt
378 1988 469 2057 patet,
483 1978 547 2038 fere
559 1979 779 2058 metaphysicos
793 1978 855 2061 est)
869 1981 895 2040 a
908 1978 967 2038 nisi

49 2079 86 2118 nn
100 2059 192 2118 morti
206 2057 365 2136 adjudicet,
385 2077 491 2136 graves
511 2058 750 2137 perturbationes
764 2060 793 2118 in
815 2056 967 2139 republica

49 2136 288 2199 tntexcitandas?
447 2198 450 2205 ,

58 2218 99 2278 R.
121 2216 230 2277 Schola
249 2216 432 2277 'l'bomistica
445 2217 641 2278 communiter
654 2237 720 2278 cum
736 2218 766 2279 S.
790 2216 848 2278 l'b.
872 2216 966 2277 Alex·

49 2296 164 2375 ndrode
179 2295 264 2368 Ales,
277 2295 424 2375 Steyaert,
436 2297 548 2369 Dauos,
558 2302 609 2357 &c
622 2298 757 2368 sustinet,
764 2295 897 2377 judicem
905 2315 966 2356 non

49 2386 154 2449 nccare,
175 2375 200 2435 si
223 2375 301 2435 ferat
324 2376 500 2437 sententiam
520 2377 626 2436 mortis
638 2377 669 2435 in
682 2377 765 2436 illum
780 2375 967 2437 innocentem

49 2450 180 2516 cunddm
193 2454 322 2534 allegata
334 2457 361 2515 a
375 2455 507 2534 probata.
547 2456 639 2516 Ratio
653 2475 757 2517 eorum
770 2465 826 2529 est,
839 2454 919 2539 qnod
933 2454 965 2514 in

49 2554 87 2595 nu
100 2536 124 2597 J
126 2534 206 2594 ndex
218 2555 278 2594 non
293 2534 415 2605 occidat,
436 2535 488 2595 sed
501 2534 569 2595 falsi
582 2545 684 2595 testes.

59 2615 84 2676 l·
97 2614 128 2674 E
141 2623 245 2673 contre
260 2613 379 2693 Sylvius
392 2616 419 2674 ἃ
432 2616 532 2674 caeteri
541 2613 675 2696 plerique
684 2612 838 2679 Autbores
846 2612 965 2687 docent,

49 2693 108 2753 lem
123 2692 262 2755 Judicem
276 2713 362 2772 posse
376 2692 496 2775 quidem
510 2703 613 2753 contra
625 2693 771 2771 privatam
781 2711 865 2752 suam
872 2692 964 2756 soien-

49 2793 90 2833 am
99 2770 238 2851 judicare
251 2771 412 2833 seonndrlm
432 2772 560 2851 allegata
573 2777 599 2832 cz
612 2770 737 2851 probata
748 2772 779 2831 in
793 2770 907 2832 casibus
927 2774 967 2833 ci·

49 2850 136 2922 libus,
150 2849 204 2912 sed
217 2872 276 2912 non
290 2851 498 2922 criminalibus,
522 2851 573 2911 ubi
586 2851 686 2929 agitur
698 2850 737 2912 de
750 2869 837 2930 poena
849 2852 964 2925 mortis,

49 2931 154 2992 embro
168 2930 341 3002 amittendo,
362 2941 413 2990 ant
427 2932 516 2990 simili
529 2932 676 3009 graviore.

60 3010 210 3071 Probatur
233 3011 296 3070 brec
318 3011 465 3070 sententia
488 3031 526 3069 ex
538 3011 606 3089 lege
627 3010 754 3070 naturali
773 3012 800 3071 a
819 3010 962 3089 generali.

49 3089 118 3149 aod.
131 3109 195 3168 cap.
210 3092 257 3148 23.
278 3091 317 3148 V.
331 3092 359 3149 7.
379 3099 397 3128 ‘⁴
409 3090 560 3151 Insontem
574 3090 601 3148 ἃ
619 3088 735 3168 justum
748 3109 808 3149 non
822 3088 964 3151 occides.”

49 3180 63 3228 t
72 3169 177 3229 eodem
192 3189 254 3247 cap.
268 3170 307 3230 V.
322 3171 351 3226 2.
371 3176 389 3207 ‘⁴
400 3168 470 3228 Non
482 3168 613 3247 sequeris
624 3168 741 3228 turbam
751 3168 789 3229 ad
796 3168 962 3229 faciendum

54 3248 172 3320 malum,
183 3268 237 3308 nec
251 3248 280 3307 in
290 3247 405 3327 judicio
419 3247 612 3327 plurimorum
621 3248 788 3329 acquiesces
798 3247 961 3318 sententia,

56 3338 89 3386 nt
102 3329 121 3388 i
134 3347 206 3388 varo
220 3326 347 3387 devies.”

60 3408 106 3465 20.
136 3406 316 3486 Respublica
329 3427 387 3481 non
401 3404 492 3467 babet
504 3405 523 3465 a
536 3406 604 3465 Deo
617 3415 794 3485 potestatem
809 3403 961 3465 occidendi

49 3485 76 3547 'ni
89 3485 294 3547 malefactores
314 3484 483 3565 reipublicae
500 3484 626 3546 multllm
640 3485 763 3546 noxios:
783 3482 865 3562 atqui
879 3484 962 3542 inno·

49 3585 84 3624 ins
93 3564 164 3626 licet
174 3565 316 3645 probatus
329 3586 406 3636 rens,
420 3586 479 3625 non
494 3574 540 3625 est
552 3562 722 3643 reipublicae
732 3562 857 3623 noxiusr
877 3581 964 3657 erpo,
1017 3582 1024 3619 ι

49 3664 71 3707 ι.
90 3645 141 3707 Sic
154 3665 256 3707 omnes
269 3645 430 3707 admittunt
443 3647 462 3706 a
474 3643 626 3725 republica
639 3643 732 3705 occidi
744 3662 803 3704 non
816 3661 903 3723 posse
916 3662 963 3705 ιιι·
