2160 4034
281 154 325 198 nn
345 155 591 211 conrrtaorreus
602 154 637 198 nv
657 154 772 200 arnoia.
938 145 999 207 ³4⁵

57 258 128 327 meli
150 259 238 331 uelum
258 280 356 340 neque
381 261 453 321 licet
478 260 608 321 vendere
628 258 721 329 libror
744 258 919 338 prohibitos,
943 262 1001 322 nisi

55 337 124 409 illis,
139 339 193 418 qui
205 352 366 400 noscuntur
379 339 488 401 babere
502 340 618 400 veniam
632 339 751 399 eosdem
765 341 894 418 legendi.

96 419 157 480 lv.
178 421 226 477 30.
248 419 281 477 Si
299 420 366 497 quis
381 419 492 479 vendat
514 438 577 479 rem
600 419 638 478 do
660 437 692 477 se
711 419 929 479 indifferentem
948 419 1002 491 illi,

57 496 107 576 qni
130 497 232 568 scitur,
253 497 302 556 vol
323 497 524 558 verisimiliter
543 507 666 577 putatur
679 497 715 557 eb
726 497 871 557 abusuros
884 499 922 558 ad
935 518 1002 577 pcc·

57 586 165 645 cetum,
180 577 270 636 otium
284 588 394 654 peccat,
409 577 465 635 nisi
474 578 557 656 justa
569 596 657 635 causo
670 576 764 637 subsit
778 587 901 656 proptor
915 597 1003 656 quum

58 672 87 717 to
100 655 200 732 possit
213 655 322 715 habere
336 657 510 734 permissive
523 656 562 714 ad
575 665 728 733 peccatum
741 656 873 715 alterius.
947 694 960 711 ..

93 733 190 793 Ratio
204 745 258 803 est,
279 735 362 813 qudd
376 735 501 815 quisque
515 733 605 794 debat
619 734 722 793 saltem
737 755 776 793 ex
790 735 934 795 charitate
948 735 1002 794 im·

53 812 162 890 pedire
185 824 337 891 peccatum
358 814 490 885 alterius,
514 814 583 873 dum
607 824 707 891 potest
726 813 789 874 eino
813 834 867 873 suo
891 815 1002 873 incom-

52 890 146 951 modo
158 912 167 949 r
185 893 292 951 deinde
307 894 377 971 quia
390 893 525 952 illicitum
544 902 593 953 est
612 893 700 953 alteri
714 892 925 952 subminisrare
939 913 1000 953 ma·

50 968 164 1029 teriam
177 970 318 1049 peccandi
332 973 396 1030 sino
405 972 490 1051 justa
504 991 599 1032 causa.

93 1049 241 1122 Quaenam
257 1060 303 1109 cst
321 1049 405 1129 justa
421 1071 517 1122 cauea,
542 1049 580 1110 ob
593 1071 681 1131 quarn
696 1071 728 1111 se
742 1051 808 1130 quis
821 1061 921 1130 potest
934 1071 1001 1130 per-

49 1128 178 1188 missive
192 1129 300 1188 habere
314 1130 352 1188 ad
367 1142 519 1208 peccatum
537 1129 681 1190 alterius?

93 1208 134 1267 R„
159 1211 205 1268 10.
228 1209 260 1269 Si
273 1207 382 1267 abusus
402 1208 453 1268 ille
471 1229 529 1268 non
545 1209 739 1288 improbetur,
760 1209 813 1268 sed
827 1210 1002 1269 toleratura

51 1286 210 1364 republica
223 1286 260 1345 ob
274 1288 401 1367 aliquam
425 1287 572 1366 publicam
596 1308 721 1357 causam,
744 1307 771 1346 v.
785 1308 814 1365 g.
828 1288 853 1345 si
866 1299 1003 1367 tempore

49 1364 127 1426 belli
149 1367 280 1425 baeretici
300 1379 448 1444 occupent
467 1369 603 1446 patriam,
623 1366 724 1426 licebit
744 1367 803 1425 illis
822 1367 952 1426 vendere
972 1377 1003 1428 at

53 1464 186 1525 coquere
210 1466 312 1505 carnes
336 1445 441 1506 diebus
460 1446 586 1524 jejunii;
606 1447 677 1525 quia
702 1446 770 1505 cdm
794 1445 832 1504 ob
854 1445 1003 1524 publicam

51 1542 174 1583 causam
189 1524 247 1583 illis
261 1525 450 1603 permittatur
461 1529 490 1583 in
505 1527 602 1603 patria
612 1545 686 1595 esse,
701 1526 789 1584 etiam
804 1524 862 1583 illis
877 1526 999 1603 permit·

53 1604 132 1662 titur
146 1603 247 1662 vivere
260 1624 344 1663 more
354 1624 417 1663 suo.
458 1604 553 1664 Aliud
567 1604 722 1665 dicendum
734 1605 772 1663 de
785 1603 941 1677 haereticis,
952 1605 1002 1685 qui

54 1683 95 1741 ob
120 1701 237 1742 caueam
263 1681 390 1762 aliquam
413 1683 559 1761 privatam
579 1703 607 1742 v.
620 1703 652 1762 g.
665 1693 870 1753 mercaturam,
894 1682 1001 1743 alicubi

53 1771 214 1822 versantur
228 1762 305 1820 inter
320 1762 498 1822 catholicos.

93 1843 144 1898 20.
158 1840 340 1899 Admittitur
348 1841 438 1899 ctiam
447 1840 560 1898 licitum
575 1859 641 1900 esse
654 1838 783 1899 vendere
797 1859 844 1898 res
854 1840 882 1897 in
895 1859 1002 1917 magna

76 1919 223 1981 uentitatc
237 1938 289 1977 seu
303 1920 332 1977 in
345 1929 494 1994 prostant
507 1919 599 1989 aiunt,
610 1919 670 1978 illis
682 1920 817 1996 personis
831 1919 881 1998 qui
895 1919 1001 1996 praevi·

55 1940 165 2058 dentur
178 1997 355 2078 quandoque
369 1997 433 2056 illas
443 1997 592 2056 vendituri
605 1998 679 2068 aliis,
694 1999 744 2077 qui
758 1996 846 2056 rebus
860 1997 918 2056 illis
931 1997 1001 2056 abu·

56 2078 116 2136 suri
138 2087 224 2135 sunt:
245 2076 286 2134 sic
300 2077 390 2135 etiam
404 2077 545 2135 braxatur
557 2076 636 2135 licite
649 2077 752 2135 vendit
764 2077 936 2135 cerevisiam
958 2087 1003 2137 ta·

56 2157 210 2226 berneriis,
233 2155 367 2235 quamvis
380 2155 411 2214 hi
421 2156 640 2234 prevideantur
653 2155 804 2215 vendituri
817 2155 892 2227 aliis,
907 2156 958 2234 qui
969 2175 1000 2214 sa

56 2235 254 2294 inebriabunt.

92 2314 186 2374 Ratio
200 2316 288 2373 estin
303 2313 349 2371 his
363 2313 487 2384 casibus,
502 2333 551 2372 roa
563 2312 630 2372 illas
643 2312 760 2371 tantiam
773 2314 887 2372 remote
899 2319 926 2372 dv
939 2332 999 2372 me·

56 2393 204 2453 diantibus
217 2393 283 2452 aliis
293 2393 437 2471 personis,
451 2393 552 2452 venire
562 2392 600 2450 ad
613 2411 674 2463 eos,
689 2392 739 2472 qui
752 2390 841 2450 robus
855 2391 920 2450 istis
931 2391 1001 2451 abu·

57 2474 118 2532 anri
139 2483 225 2531 sunt:
246 2473 324 2531 unde
345 2473 433 2550 primi
447 2471 617 2530 venditores
639 2481 707 2530 sunt
730 2468 825 2529 solvim
849 2488 936 2529 causa
954 2489 1002 2529 re·

57 2561 146 2622 mota,
161 2571 219 2610 non
233 2551 352 2612 moralis
367 2550 484 2609 illorum
494 2551 647 2609 abusuum.

95 2633 146 2689 3⁰.
165 2631 295 2689 Licitum
316 2630 491 2711 quandoque
512 2650 577 2689 csse
597 2638 697 2708 potest
721 2630 811 2687 etiam
831 2627 1000 2686 immediato

56 2709 186 2770 vendere
207 2709 274 2778 illis,
293 2710 344 2787 qui
358 2710 558 2788 praevidentur
571 2709 700 2779 abusuri,
721 2707 790 2766 dum
811 2705 910 2784 aliqua
922 2707 999 2766 ratio

55 2789 178 2868 majoris
192 2789 333 2847 momenti
348 2788 484 2859 occurrit,
500 2788 538 2847 ob
554 2807 643 2867 quam
657 2807 689 2846 sc
703 2788 797 2866 possit
810 2785 919 2847 babere
932 2805 999 2922 per·

55 2869 177 2927 missine
191 2866 228 2926 ad
242 2866 540 2944 peccatumalterius3
560 2868 603 2927 ita
613 2866 638 2925 si
649 2865 758 2927 ebriosi
772 2868 922 2923 minentur
954 2884 1012 2923 os·>

54 2947 111 3026 piti
124 2957 262 3017 mortem,
287 2945 459 3005 comburere
480 2947 610 3017 domum,
630 2965 752 3024 gravem
773 2944 998 3014 mutilationem,

55 3026 105 3085 vel
118 3025 308 3103 blasphemia
322 3036 374 3083 aut
387 3025 444 3084 alia
457 3025 560 3103 gravia
573 3024 651 3083 mala
661 3024 829 3092 timeantur,
844 3024 900 3081 nisi
911 3033 1000 3101 potus

54 3105 153 3175 detur,
176 3106 252 3164 ratio
267 3105 412 3164 sufficiens
426 3115 473 3163 est
485 3103 656 3183 negligendi
677 3113 828 3181 peccatum
851 3102 1000 3180 ipsorum3

54 3184 194 3243 similiter
208 3185 233 3242 si
246 3185 347 3242 furens
361 3182 406 3242 iri
418 3183 491 3241 mibi
500 3185 629 3243 intentat
639 3193 775 3252 mortem,
789 3181 846 3241 nisi
860 3181 916 3259 ipsi
930 3200 1000 3241 ven·

55 3263 123 3322 dam
135 3262 267 3340 gladium
278 3273 329 3322 aut
339 3261 474 3336 cultrum,
485 3283 543 3343 quo
552 3262 641 3321 alium
652 3261 832 3340 providetur
843 3261 1001 3328 occisurus,

55 3342 188 3402 vendere
202 3362 330 3419 possum.

95 3421 270 3481 Notandum
285 3442 351 3480 cum
366 3421 519 3490 Daelman,
541 3431 575 3482 ut
596 3439 683 3479 causa
704 3418 744 3479 sit
759 3418 849 3497 justa,
871 3436 936 3476 eam
950 3415 1006 3474 de·
1033 3484 1035 3489 ¹

53 3499 128 3560 bero
142 3500 270 3561 conferri
285 3520 349 3561 cnm
371 3501 593 3580 propinquitate
611 3509 643 3559 et
661 3497 864 3577 magnitudine
877 3492 1003 3575 periculi

56 3581 147 3640 iatius
160 3580 283 3659 peccati,
308 3581 386 3659 quod
401 3580 566 3642 committet
585 3579 728 3643 abutens:
748 3595 875 3657 proquo
890 3570 995 3643 attend
