2160 4034
321 452 728 552 TRAcuAuUS

146 725 567 844 CONTRACTIBUS
593 769 649 845 uu
674 771 906 862 uuonan,

315 1060 376 1120 Du
396 1060 744 1126 USITATIORIBUS

422 1205 466 1254 ΙΝ
484 1205 627 1258 sanem.

394 1446 660 1520 PROOEMIUM.

88 1576 186 1640 CUM
207 1573 414 1640 Contractibus
432 1582 649 1640 transforantur
661 1585 687 1640 δι
700 1580 889 1661 acquirantur
901 1597 1000 1640 rorum

49 1657 193 1728 dominia,
207 1657 296 1717 uariae
307 1659 504 1736 obligationes
512 1672 680 1732 nascautur,
699 1665 725 1719 dt
738 1658 891 1738 injustitia
900 1659 930 1718 in
940 1658 1000 1718 illia

49 1737 258 1817 multipliciter
284 1739 528 1799 committantura
560 1738 628 1798 hinc
654 1738 790 1798 notitiam
814 1757 1000 1798 eorumnon

49 1816 149 1878 solnm
162 1815 201 1875 ad
211 1817 233 1879 J
235 1815 372 1890 midioen,
386 1817 439 1878 aed
452 1819 542 1879 etiam
556 1817 595 1878 ad
605 1817 776 1897 Theologoa
789 1827 923 1897 spectaro
936 1816 1002 1896 dig·

51 1895 195 1969 noscitur.

94 2055 142 2114 Dc
158 2053 367 2114 contractibus
380 2055 411 2114 in
424 2074 535 2134 gonaro
549 2048 668 2116 scienda
688 2064 757 2114 aunt
770 2054 918 2135 praecipue
937 2050 1001 2114 hac

63 2144 200 2216 quatuor:
223 2137 268 2192 10.
284 2135 365 2211 Quid
380 2135 419 2196 sit
433 2136 620 2203 Contractus,
641 2140 667 2194 dr
687 2145 760 2213 quot
777 2132 873 2193 modis
887 2131 1002 2212 portici·

63 2224 138 2272 atur:
159 2215 209 2272 2⁰.
231 2212 389 2287 Quomodo
404 2214 573 2274 dividatur:
593 2217 641 2273 30.
662 2214 804 2287 Quanam
818 2211 856 2272 ad
870 2211 1001 2272 valorem

65 2293 235 2352 Contractus
248 2294 447 2372 requirantur,
468 2295 556 2355 &42
571 2293 700 2367 Quinam
714 2293 774 2351 sint
789 2291 1002 2352 contractuum

67 2371 187 2464 ⁸affectus.
217 2373 292 2431 Post
302 2371 482 2451 illaagcmus
503 2381 521 2412 “
532 2370 1000 2432 deusitatioribuscontraetibus

67 2470 89 2508 u
102 2451 226 2530 specio.'’

68 2608 99 2668 N.
120 2611 146 2668 l
193 2608 303 2683 QUID
325 2609 617 2750 CONTRssICffqlJS
637 2609 696 2670 ET
717 2608 841 2683 QUOT
860 2608 1003 2684 MODIS

69 2809 87 2868 l.
109 2809 490 2888 Contractualotddtatrictd
508 2821 645 2891 sumptura.
685 2809 727 2868 ΙΙ.
752 2809 901 2886 Obliyotio.
942 2808 1004 2870 111.

103 2890 269 2950 sztractus
296 2892 446 2969 perficitur
506 2890 562 2952 IV.
582 2891 635 2961 Re,
695 2889 735 2950 V.
769 2888 874 2961 Verbis,
944 2888 1002 2949 vl.

99 2971 260 3049 Scriptord,
302 2970 376 3031 Vll.
396 2970 440 3029 Et
450 2990 591 3030 comeum.
681 2984 683 2989 '

102 3093 210 3167 QUID
225 3103 271 3152 est
282 3093 483 3152 Contractus?
1012 3128 1014 3132 -

66 3237 68 3243 Α
101 3172 123 3231 l.
144 3173 184 3234 R.
207 3173 383 3231 Contractus
404 3168 570 3249 generatim
593 3177 736 3246 sumptus,
757 3173 803 3226 ost
816 3165 941 3225 duonum
955 3162 1004 3221 vel

70 3249 187 3326 plurium
201 3252 230 3309 in
245 3252 325 3311 idem
339 3250 479 3328 placitum
492 3267 662 3319 consensus,
688 3249 717 3305 in
730 3245 877 3306 alterutro
900 3240 1005 3302 aaltcm

72 3328 271 3408 obligationem
285 3331 413 3408 pariana.

102 3409 276 3469 Contractus
289 3410 361 3468 vero
371 3409 473 3468 stricte
487 3415 622 3484 sumptus
634 3404 776 3465 definitur
802 3398 1003 3478 1.50.digosc
1023 3454 1027 3461 .

73 3485 110 3545 tit.
124 3491 169 3546 16.
188 3489 256 3567 logo
272 3490 317 3547 19.
347 3489 467 3548 “Ultro
481 3487 615 3566 citroque
635 3480 803 3562 obligatio.”
844 3479 920 3538 Haeo
933 3476 1001 3538 doli*
1028 3496 1031 3503 ·

72 3565 135 3627 nitio
148 3567 185 3626 ab
207 3568 394 3628 Authoribua
415 3566 533 3627 admitti
554 3560 631 3624 solet
653 3565 786 3622 insensu
799 3558 918 3631 casuali,
938 3554 991 3641 qui

74 3657 229 3709 contractus
250 3648 462 3729 obligationem
486 3654 602 3716 causat3
628 3662 689 3704 non
711 3642 742 3700 in
761 3658 850 3702 sonan
870 3630 991 3702 tomuli
