<?xml version="1.0" encoding="UTF-8"?>
<!DOCTYPE html PUBLIC "-//W3C//DTD XHTML 1.0 Transitional//EN"
    "http://www.w3.org/TR/xhtml1/DTD/xhtml1-transitional.dtd">
<html xmlns="http://www.w3.org/1999/xhtml" xml:lang="en" lang="en">
 <head>
  <title>
</title>
<meta http-equiv="Content-Type" content="text/html;charset=utf-8" />
  <meta name='ocr-system' content='tesseract 3.04.00' />
  <meta name='ocr-capabilities' content='ocr_page ocr_carea ocr_par ocr_line ocrx_word'/>
</head>
<body>
  <div class='ocr_page' id='page_1' title='image "./theologiamorali01densgoog_0301.png"; bbox 0 0 2160 4034; ppageno 0'>
   <div class='ocr_carea' id='block_1_1' title="bbox 110 189 697 248">
    <p class='ocr_par' dir='ltr' id='par_1_1' title="bbox 110 189 697 248">
     <span class='ocr_line' id='line_1_1' title="bbox 110 189 697 248; baseline -0.003 0"><span class='ocrx_word' id='word_1_1' title='bbox 110 189 171 248; x_wconf 69' lang='lat'><strong>290</strong></span> <span class='ocrx_word' id='word_1_2' title='bbox 475 206 490 229; x_wconf 86' lang='lat'><strong>·</strong></span> <span class='ocrx_word' id='word_1_3' title='bbox 506 202 697 246; x_wconf 73' lang='lat' dir='ltr'><strong>reserares</strong></span> 
     </span>
    </p>
   </div>
   <div class='ocr_carea' id='block_1_2' title="bbox 102 303 1078 2605">
    <p class='ocr_par' dir='ltr' id='par_1_2' title="bbox 102 303 1078 2605">
     <span class='ocr_line' id='line_1_2' title="bbox 108 303 1078 398; baseline 0 -29"><span class='ocrx_word' id='word_1_4' title='bbox 108 309 214 369; x_wconf 86' lang='lat' dir='ltr'><strong>modus</strong></span> <span class='ocrx_word' id='word_1_5' title='bbox 228 304 279 367; x_wconf 92' lang='lat' dir='ltr'><strong>ille</strong></span> <span class='ocrx_word' id='word_1_6' title='bbox 293 305 382 386; x_wconf 85' lang='lat' dir='ltr'><strong>adjici</strong></span> <span class='ocrx_word' id='word_1_7' title='bbox 396 306 473 367; x_wconf 87' lang='lat' dir='ltr'><strong>solet</strong></span> <span class='ocrx_word' id='word_1_8' title='bbox 493 316 528 367; x_wconf 90' lang='lat' dir='ltr'><strong>nt</strong></span> <span class='ocrx_word' id='word_1_9' title='bbox 542 309 652 368; x_wconf 77' lang='lat' dir='ltr'><strong>striata</strong></span> <span class='ocrx_word' id='word_1_10' title='bbox 666 305 869 386; x_wconf 78' lang='lat' dir='ltr'><strong>obligationis,</strong></span> <span class='ocrx_word' id='word_1_11' title='bbox 895 303 950 367; x_wconf 88' lang='lat' dir='ltr'><strong>sed</strong></span> <span class='ocrx_word' id='word_1_12' title='bbox 964 306 1042 386; x_wconf 86' lang='lat' dir='ltr'><strong>potin</strong></span> <span class='ocrx_word' id='word_1_13' title='bbox 1070 342 1078 398; x_wconf 62' lang='lat'><strong>,5</strong></span> 
     </span>
     <span class='ocr_line' id='line_1_3' title="bbox 110 385 1025 457; baseline 0.001 -10"><span class='ocrx_word' id='word_1_14' title='bbox 110 389 205 447; x_wconf 88' lang='lat' dir='ltr'><strong>instar</strong></span> <span class='ocrx_word' id='word_1_15' title='bbox 218 386 400 457; x_wconf 87' lang='lat' dir='ltr'><strong>monitionis,</strong></span> <span class='ocrx_word' id='word_1_16' title='bbox 414 385 546 447; x_wconf 82' lang='lat' dir='ltr'><strong>defined</strong></span> <span class='ocrx_word' id='word_1_17' title='bbox 559 387 783 448; x_wconf 79' lang='lat' dir='ltr'><strong>dantaintauto.</strong></span> <span class='ocrx_word' id='word_1_18' title='bbox 1019 393 1025 408; x_wconf 77' lang='lat'><strong><em>⁴</em></strong></span> 
     </span>
     <span class='ocr_line' id='line_1_4' title="bbox 150 464 1042 545; baseline -0.002 -19"><span class='ocrx_word' id='word_1_19' title='bbox 150 465 333 534; x_wconf 87' lang='lat' dir='ltr'><strong>Notandum,</strong></span> <span class='ocrx_word' id='word_1_20' title='bbox 357 465 438 545; x_wconf 86' lang='lat' dir='ltr'><strong>quod</strong></span> <span class='ocrx_word' id='word_1_21' title='bbox 451 465 522 525; x_wconf 86' lang='lat' dir='ltr'><strong>lieet</strong></span> <span class='ocrx_word' id='word_1_22' title='bbox 535 465 641 527; x_wconf 87' lang='lat' dir='ltr'><strong>modus</strong></span> <span class='ocrx_word' id='word_1_23' title='bbox 654 466 767 526; x_wconf 88' lang='lat' dir='ltr'><strong>nonsit</strong></span> <span class='ocrx_word' id='word_1_24' title='bbox 780 484 870 525; x_wconf 86' lang='lat' dir='ltr'><strong>eausa</strong></span> <span class='ocrx_word' id='word_1_25' title='bbox 883 464 981 525; x_wconf 85' lang='lat' dir='ltr'><strong>finalis</strong></span> <span class='ocrx_word' id='word_1_26' title='bbox 994 484 1042 524; x_wconf 89' lang='lat' dir='ltr'><strong>oon·</strong></span> 
     </span>
     <span class='ocr_line' id='line_1_5' title="bbox 109 544 1078 615; baseline -0.002 -10"><span class='ocrx_word' id='word_1_27' title='bbox 109 556 230 614; x_wconf 82' lang='lat' dir='ltr'><strong>tractus,</strong></span> <span class='ocrx_word' id='word_1_28' title='bbox 258 565 292 602; x_wconf 83' lang='lat' dir='ltr'><strong>ao</strong></span> <span class='ocrx_word' id='word_1_29' title='bbox 305 544 380 604; x_wconf 87' lang='lat' dir='ltr'><strong>adeo</strong></span> <span class='ocrx_word' id='word_1_30' title='bbox 403 556 573 605; x_wconf 84' lang='lat' dir='ltr'><strong>coutraotus</strong></span> <span class='ocrx_word' id='word_1_31' title='bbox 597 547 697 606; x_wconf 80' lang='lat' dir='ltr'><strong>valeat</strong></span> <span class='ocrx_word' id='word_1_32' title='bbox 723 545 776 606; x_wconf 94' lang='lat' dir='ltr'><strong>illo</strong></span> <span class='ocrx_word' id='word_1_33' title='bbox 790 565 850 605; x_wconf 89' lang='lat' dir='ltr'><strong>uon</strong></span> <span class='ocrx_word' id='word_1_34' title='bbox 879 545 1078 615; x_wconf 66' lang='lat' dir='ltr'><strong>servatorii</strong></span> 
     </span>
     <span class='ocr_line' id='line_1_6' title="bbox 108 621 1078 703; baseline -0.003 -19"><span class='ocrx_word' id='word_1_35' title='bbox 108 637 208 685; x_wconf 88' lang='lat' dir='ltr'><strong>tamen</strong></span> <span class='ocrx_word' id='word_1_36' title='bbox 221 624 379 702; x_wconf 77' lang='lat' dir='ltr'><strong>adjiciatur</strong></span> <span class='ocrx_word' id='word_1_37' title='bbox 393 634 426 683; x_wconf 90' lang='lat' dir='ltr'><strong>ut</strong></span> <span class='ocrx_word' id='word_1_38' title='bbox 440 624 543 691; x_wconf 78' lang='lat' dir='ltr'><strong>stricte</strong></span> <span class='ocrx_word' id='word_1_39' title='bbox 553 623 758 703; x_wconf 79' lang='lat' dir='ltr'><strong>obligatorias,</strong></span> <span class='ocrx_word' id='word_1_40' title='bbox 766 634 1012 703; x_wconf 82' lang='lat' dir='ltr'><strong>tunoanoeptans,</strong></span> <span class='ocrx_word' id='word_1_41' title='bbox 1026 629 1042 685; x_wconf 83' lang='lat' dir='ltr'><strong>ti</strong></span> <span class='ocrx_word' id='word_1_42' title='bbox 1060 621 1078 684; x_wconf 85' lang='lat' dir='ltr'><strong>ll</strong></span> 
     </span>
     <span class='ocr_line' id='line_1_7' title="bbox 107 701 1078 783; baseline -0.003 -20"><span class='ocrx_word' id='word_1_43' title='bbox 107 704 227 764; x_wconf 88' lang='lat' dir='ltr'><strong>modum</strong></span> <span class='ocrx_word' id='word_1_44' title='bbox 242 723 300 762; x_wconf 92' lang='lat' dir='ltr'><strong>nou</strong></span> <span class='ocrx_word' id='word_1_45' title='bbox 315 713 423 774; x_wconf 84' lang='lat' dir='ltr'><strong>servat,</strong></span> <span class='ocrx_word' id='word_1_46' title='bbox 443 714 582 765; x_wconf 87' lang='lat' dir='ltr'><strong>teneatur</strong></span> <span class='ocrx_word' id='word_1_47' title='bbox 594 705 765 777; x_wconf 87' lang='lat' dir='ltr'><strong>restituere,</strong></span> <span class='ocrx_word' id='word_1_48' title='bbox 779 715 925 783; x_wconf 85' lang='lat' dir='ltr'><strong>quantum</strong></span> <span class='ocrx_word' id='word_1_49' title='bbox 937 704 1041 764; x_wconf 81' lang='lat' dir='ltr'><strong>interest</strong></span> <span class='ocrx_word' id='word_1_50' title='bbox 1059 701 1078 760; x_wconf 90' lang='lat' dir='ltr'><strong>ll</strong></span> 
     </span>
     <span class='ocr_line' id='line_1_8' title="bbox 108 781 1078 864; baseline -0.001 -22"><span class='ocrx_word' id='word_1_51' title='bbox 108 782 228 842; x_wconf 88' lang='lat' dir='ltr'><strong>modum</strong></span> <span class='ocrx_word' id='word_1_52' title='bbox 242 802 301 840; x_wconf 90' lang='lat' dir='ltr'><strong>uon</strong></span> <span class='ocrx_word' id='word_1_53' title='bbox 316 784 438 854; x_wconf 80' lang='lat' dir='ltr'><strong>servari,</strong></span> <span class='ocrx_word' id='word_1_54' title='bbox 462 794 551 864; x_wconf 88' lang='lat' dir='ltr'><strong>atque</strong></span> <span class='ocrx_word' id='word_1_55' title='bbox 573 784 613 843; x_wconf 87' lang='lat' dir='ltr'><strong>ad</strong></span> <span class='ocrx_word' id='word_1_56' title='bbox 634 804 702 844; x_wconf 88' lang='lat' dir='ltr'><strong>eum</strong></span> <span class='ocrx_word' id='word_1_57' title='bbox 726 782 905 844; x_wconf 83' lang='lat' dir='ltr'><strong>servandum</strong></span> <span class='ocrx_word' id='word_1_58' title='bbox 921 784 941 842; x_wconf 77' lang='lat' dir='ltr'><strong>d</strong></span> <span class='ocrx_word' id='word_1_59' title='bbox 958 781 1078 861; x_wconf 63' lang='lat' dir='ltr'><strong>judico:</strong></span> 
     </span>
     <span class='ocr_line' id='line_1_9' title="bbox 109 861 1078 944; baseline 0 -23"><span class='ocrx_word' id='word_1_60' title='bbox 109 861 246 941; x_wconf 79' lang='lat' dir='ltr'><strong>compelli</strong></span> <span class='ocrx_word' id='word_1_61' title='bbox 257 862 368 939; x_wconf 79' lang='lat' dir='ltr'><strong>possit:</strong></span> <span class='ocrx_word' id='word_1_62' title='bbox 382 881 466 922; x_wconf 84' lang='lat' dir='ltr'><strong>nasus</strong></span> <span class='ocrx_word' id='word_1_63' title='bbox 477 873 532 934; x_wconf 84' lang='lat' dir='ltr'><strong>est,</strong></span> <span class='ocrx_word' id='word_1_64' title='bbox 546 863 570 921; x_wconf 91' lang='lat' dir='ltr'><strong>si</strong></span> <span class='ocrx_word' id='word_1_65' title='bbox 580 864 648 943; x_wconf 83' lang='lat' dir='ltr'><strong>quis</strong></span> <span class='ocrx_word' id='word_1_66' title='bbox 658 863 807 944; x_wconf 84' lang='lat' dir='ltr'><strong>relinquat</strong></span> <span class='ocrx_word' id='word_1_67' title='bbox 815 863 961 942; x_wconf 78' lang='lat' dir='ltr'><strong>legatum,</strong></span> <span class='ocrx_word' id='word_1_68' title='bbox 970 863 1038 923; x_wconf 87' lang='lat' dir='ltr'><strong>modo</strong></span> <span class='ocrx_word' id='word_1_69' title='bbox 1057 862 1078 921; x_wconf 78' lang='lat' dir='ltr'><strong>ll</strong></span> 
     </span>
     <span class='ocr_line' id='line_1_10' title="bbox 113 939 1078 1019; baseline -0.001 -20"><span class='ocrx_word' id='word_1_70' title='bbox 113 940 275 1019; x_wconf 76' lang='lat' dir='ltr'><strong>legatarius</strong></span> <span class='ocrx_word' id='word_1_71' title='bbox 288 939 419 1001; x_wconf 87' lang='lat' dir='ltr'><strong>oelabret</strong></span> <span class='ocrx_word' id='word_1_72' title='bbox 432 953 546 1001; x_wconf 88' lang='lat' dir='ltr'><strong>eertum</strong></span> <span class='ocrx_word' id='word_1_73' title='bbox 560 962 717 1001; x_wconf 85' lang='lat' dir='ltr'><strong>numerum</strong></span> <span class='ocrx_word' id='word_1_74' title='bbox 731 943 903 1002; x_wconf 82' lang='lat' dir='ltr'><strong>Missurum.</strong></span> <span class='ocrx_word' id='word_1_75' title='bbox 1057 941 1078 998; x_wconf 68' lang='lat' dir='ltr'><strong>t</strong></span> 
     </span>
     <span class='ocr_line' id='line_1_11' title="bbox 151 1019 1078 1098; baseline 0.003 -22"><span class='ocrx_word' id='word_1_76' title='bbox 151 1019 347 1093; x_wconf 87' lang='lat' dir='ltr'><strong>Quandonam</strong></span> <span class='ocrx_word' id='word_1_77' title='bbox 361 1030 460 1079; x_wconf 88' lang='lat' dir='ltr'><strong>autem</strong></span> <span class='ocrx_word' id='word_1_78' title='bbox 469 1020 575 1081; x_wconf 89' lang='lat' dir='ltr'><strong>modus</strong></span> <span class='ocrx_word' id='word_1_79' title='bbox 588 1021 628 1080; x_wconf 90' lang='lat' dir='ltr'><strong>sit</strong></span> <span class='ocrx_word' id='word_1_80' title='bbox 640 1041 729 1081; x_wconf 83' lang='lat' dir='ltr'><strong>eausa</strong></span> <span class='ocrx_word' id='word_1_81' title='bbox 741 1021 848 1090; x_wconf 86' lang='lat' dir='ltr'><strong>finalis,</strong></span> <span class='ocrx_word' id='word_1_82' title='bbox 871 1019 1039 1098; x_wconf 65' lang='lat' dir='ltr'><strong>quandonam</strong></span> <span class='ocrx_word' id='word_1_83' title='bbox 1057 1021 1078 1079; x_wconf 80' lang='lat' dir='ltr'><strong>l·</strong></span> 
     </span>
     <span class='ocr_line' id='line_1_12' title="bbox 110 1098 1078 1179; baseline -0.001 -21"><span class='ocrx_word' id='word_1_84' title='bbox 110 1118 179 1170; x_wconf 92' lang='lat' dir='ltr'><strong>non,</strong></span> <span class='ocrx_word' id='word_1_85' title='bbox 188 1098 261 1158; x_wconf 90' lang='lat' dir='ltr'><strong>item</strong></span> <span class='ocrx_word' id='word_1_86' title='bbox 270 1099 387 1178; x_wconf 88' lang='lat' dir='ltr'><strong>quaudo</strong></span> <span class='ocrx_word' id='word_1_87' title='bbox 396 1098 553 1178; x_wconf 79' lang='lat' dir='ltr'><strong>adjiciatur</strong></span> <span class='ocrx_word' id='word_1_88' title='bbox 562 1110 597 1158; x_wconf 84' lang='lat' dir='ltr'><strong>ut</strong></span> <span class='ocrx_word' id='word_1_89' title='bbox 605 1099 709 1161; x_wconf 68' lang='lat' dir='ltr'><strong>stricte</strong></span> <span class='ocrx_word' id='word_1_90' title='bbox 720 1099 917 1179; x_wconf 78' lang='lat' dir='ltr'><strong>obligatorius</strong></span> <span class='ocrx_word' id='word_1_91' title='bbox 927 1100 954 1157; x_wconf 77' lang='lat' dir='ltr'><strong>du</strong></span> <span class='ocrx_word' id='word_1_92' title='bbox 966 1118 1040 1177; x_wconf 84' lang='lat' dir='ltr'><strong>quau·</strong></span> <span class='ocrx_word' id='word_1_93' title='bbox 1058 1100 1078 1157; x_wconf 78' lang='grc' dir='ltr'>Ι</span> 
     </span>
     <span class='ocr_line' id='line_1_13' title="bbox 109 1178 1078 1257; baseline -0.002 -18"><span class='ocrx_word' id='word_1_94' title='bbox 109 1178 217 1239; x_wconf 90' lang='lat' dir='ltr'><strong>donam</strong></span> <span class='ocrx_word' id='word_1_95' title='bbox 232 1197 299 1246; x_wconf 89' lang='lat' dir='ltr'><strong>nou,</strong></span> <span class='ocrx_word' id='word_1_96' title='bbox 313 1179 442 1238; x_wconf 77' lang='lat' dir='ltr'><strong>maxime</strong></span> <span class='ocrx_word' id='word_1_97' title='bbox 456 1197 495 1238; x_wconf 86' lang='lat' dir='ltr'><strong>ex</strong></span> <span class='ocrx_word' id='word_1_98' title='bbox 509 1178 676 1239; x_wconf 86' lang='lat' dir='ltr'><strong>intentione</strong></span> <span class='ocrx_word' id='word_1_99' title='bbox 689 1179 814 1257; x_wconf 85' lang='lat' dir='ltr'><strong>aliisque</strong></span> <span class='ocrx_word' id='word_1_100' title='bbox 827 1179 1039 1237; x_wconf 81' lang='lat' dir='ltr'><strong>circumstantiis</strong></span> <span class='ocrx_word' id='word_1_101' title='bbox 1059 1196 1078 1231; x_wconf 65' lang='grc' dir='ltr'><strong><em>τ</em></strong></span> 
     </span>
     <span class='ocr_line' id='line_1_14' title="bbox 111 1254 1078 1317; baseline -0.001 -1"><span class='ocrx_word' id='word_1_102' title='bbox 111 1254 349 1317; x_wconf 76' lang='lat' dir='ltr'><strong>disternidebet.</strong></span> <span class='ocrx_word' id='word_1_103' title='bbox 1067 1260 1078 1315; x_wconf 75' lang='lat'><strong>¹.</strong></span> 
     </span>
     <span class='ocr_line' id='line_1_15' title="bbox 151 1334 1078 1407; baseline 0.004 -16"><span class='ocrx_word' id='word_1_104' title='bbox 151 1336 191 1393; x_wconf 91' lang='lat' dir='ltr'><strong>V.</strong></span> <span class='ocrx_word' id='word_1_105' title='bbox 213 1336 389 1396; x_wconf 82' lang='lat' dir='ltr'><strong>Contractus</strong></span> <span class='ocrx_word' id='word_1_106' title='bbox 410 1334 478 1396; x_wconf 85' lang='lat' dir='ltr'><strong>“ad</strong></span> <span class='ocrx_word' id='word_1_107' title='bbox 491 1335 692 1399; x_wconf 85' lang='lat' dir='ltr'><strong>oausam”seu</strong></span> <span class='ocrx_word' id='word_1_108' title='bbox 712 1335 1043 1407; x_wconf 67' lang='lat' dir='ltr'><strong>“musella‘’nullus&#39;ast,</strong></span> <span class='ocrx_word' id='word_1_109' title='bbox 1072 1356 1078 1395; x_wconf 81' lang='grc' dir='ltr'>ι</span> 
     </span>
     <span class='ocr_line' id='line_1_16' title="bbox 110 1414 1044 1493; baseline 0 -19"><span class='ocrx_word' id='word_1_110' title='bbox 110 1434 180 1474; x_wconf 86' lang='lat' dir='ltr'><strong>easu</strong></span> <span class='ocrx_word' id='word_1_111' title='bbox 192 1434 253 1493; x_wconf 90' lang='lat' dir='ltr'><strong>quo</strong></span> <span class='ocrx_word' id='word_1_112' title='bbox 266 1435 355 1474; x_wconf 87' lang='lat' dir='ltr'><strong>eausa</strong></span> <span class='ocrx_word' id='word_1_113' title='bbox 376 1415 472 1475; x_wconf 84' lang='lat' dir='ltr'><strong>finalis</strong></span> <span class='ocrx_word' id='word_1_114' title='bbox 493 1436 552 1477; x_wconf 89' lang='lat' dir='ltr'><strong>non</strong></span> <span class='ocrx_word' id='word_1_115' title='bbox 577 1414 737 1487; x_wconf 78' lang='lat' dir='ltr'><strong>subsistat3</strong></span> <span class='ocrx_word' id='word_1_116' title='bbox 757 1415 861 1477; x_wconf 83' lang='lat' dir='ltr'><strong>sisela</strong></span> <span class='ocrx_word' id='word_1_117' title='bbox 878 1416 958 1476; x_wconf 87' lang='lat' dir='ltr'><strong>desit</strong></span> <span class='ocrx_word' id='word_1_118' title='bbox 971 1435 1044 1475; x_wconf 84' lang='lat' dir='ltr'><strong>eausa</strong></span> 
     </span>
     <span class='ocr_line' id='line_1_17' title="bbox 110 1493 1046 1578; baseline 0.002 -25"><span class='ocrx_word' id='word_1_119' title='bbox 110 1493 276 1572; x_wconf 84' lang='lat' dir='ltr'><strong>impulsiva,</strong></span> <span class='ocrx_word' id='word_1_120' title='bbox 300 1505 469 1554; x_wconf 78' lang='lat' dir='ltr'><strong>contractus</strong></span> <span class='ocrx_word' id='word_1_121' title='bbox 483 1495 571 1568; x_wconf 85' lang='lat' dir='ltr'><strong>valet,</strong></span> <span class='ocrx_word' id='word_1_122' title='bbox 594 1496 664 1578; x_wconf 84' lang='lat' dir='ltr'><strong>quia</strong></span> <span class='ocrx_word' id='word_1_123' title='bbox 679 1507 725 1556; x_wconf 91' lang='lat' dir='ltr'><strong>ast</strong></span> <span class='ocrx_word' id='word_1_124' title='bbox 744 1506 860 1555; x_wconf 88' lang='lat' dir='ltr'><strong>tautum</strong></span> <span class='ocrx_word' id='word_1_125' title='bbox 874 1495 1046 1564; x_wconf 68' lang='lat' dir='ltr'><strong>arsenoires</strong></span> 
     </span>
     <span class='ocr_line' id='line_1_18' title="bbox 110 1573 1047 1655; baseline 0.001 -22"><span class='ocrx_word' id='word_1_126' title='bbox 110 1573 254 1643; x_wconf 76' lang='lat' dir='ltr'><strong>accidens,</strong></span> <span class='ocrx_word' id='word_1_127' title='bbox 269 1594 323 1634; x_wconf 87' lang='lat' dir='ltr'><strong>neo</strong></span> <span class='ocrx_word' id='word_1_128' title='bbox 336 1573 405 1635; x_wconf 88' lang='lat' dir='ltr'><strong>iuda</strong></span> <span class='ocrx_word' id='word_1_129' title='bbox 419 1593 474 1654; x_wconf 86' lang='lat' dir='ltr'><strong>sup</strong></span> <span class='ocrx_word' id='word_1_130' title='bbox 514 1575 596 1634; x_wconf 88' lang='lat' dir='ltr'><strong>nitur</strong></span> <span class='ocrx_word' id='word_1_131' title='bbox 609 1576 797 1655; x_wconf 73' lang='lat' dir='ltr'><strong>suspendiosa</strong></span> <span class='ocrx_word' id='word_1_132' title='bbox 807 1593 981 1634; x_wconf 85' lang='lat' dir='ltr'><strong>eonsensum</strong></span> <span class='ocrx_word' id='word_1_133' title='bbox 992 1597 1000 1635; x_wconf 75' lang='lat' dir='ltr'><strong>r</strong></span> <span class='ocrx_word' id='word_1_134' title='bbox 1012 1574 1047 1634; x_wconf 82' lang='lat' dir='ltr'><strong>sia</strong></span> 
     </span>
     <span class='ocr_line' id='line_1_19' title="bbox 109 1652 1047 1734; baseline 0.002 -23"><span class='ocrx_word' id='word_1_135' title='bbox 109 1652 209 1711; x_wconf 79' lang='lat' dir='ltr'><strong>valida</strong></span> <span class='ocrx_word' id='word_1_136' title='bbox 232 1664 278 1712; x_wconf 84' lang='lat' dir='ltr'><strong>est</strong></span> <span class='ocrx_word' id='word_1_137' title='bbox 304 1652 426 1713; x_wconf 73' lang='lat' dir='ltr'><strong>donatio</strong></span> <span class='ocrx_word' id='word_1_138' title='bbox 453 1657 649 1734; x_wconf 73' lang='lat' dir='ltr'><strong>eebmosynae</strong></span> <span class='ocrx_word' id='word_1_139' title='bbox 671 1655 796 1734; x_wconf 86' lang='lat' dir='ltr'><strong>pauperi</strong></span> <span class='ocrx_word' id='word_1_140' title='bbox 822 1654 890 1715; x_wconf 80' lang='lat' dir='ltr'><strong>lietb</strong></span> <span class='ocrx_word' id='word_1_141' title='bbox 917 1655 984 1734; x_wconf 88' lang='lat' dir='ltr'><strong>pio;</strong></span> <span class='ocrx_word' id='word_1_142' title='bbox 1003 1653 1047 1713; x_wconf 86' lang='lat' dir='ltr'><strong>aad</strong></span> 
     </span>
     <span class='ocr_line' id='line_1_20' title="bbox 110 1729 1066 1812; baseline 0.006 -22"><span class='ocrx_word' id='word_1_143' title='bbox 110 1729 241 1792; x_wconf 80' lang='lat' dir='ltr'><strong>inualida</strong></span> <span class='ocrx_word' id='word_1_144' title='bbox 254 1742 309 1804; x_wconf 90' lang='lat' dir='ltr'><strong>est,</strong></span> <span class='ocrx_word' id='word_1_145' title='bbox 323 1733 348 1791; x_wconf 89' lang='lat' dir='ltr'><strong>si</strong></span> <span class='ocrx_word' id='word_1_146' title='bbox 361 1731 496 1795; x_wconf 81' lang='lat' dir='ltr'><strong>liatfioto</strong></span> <span class='ocrx_word' id='word_1_147' title='bbox 510 1735 643 1812; x_wconf 86' lang='lat' dir='ltr'><strong>pauperi.</strong></span> <span class='ocrx_word' id='word_1_148' title='bbox 1006 1744 1009 1749; x_wconf 87' lang='lat'>&#39;</span> <span class='ocrx_word' id='word_1_149' title='bbox 1063 1774 1066 1779; x_wconf 94' lang='lat'><em>-</em></span> 
     </span>
     <span class='ocr_line' id='line_1_21' title="bbox 102 1811 1048 1891; baseline 0 -21"><span class='ocrx_word' id='word_1_150' title='bbox 102 1878 106 1887; x_wconf 37' lang='grc' dir='ltr'>Ι</span> <span class='ocrx_word' id='word_1_151' title='bbox 151 1812 201 1870; x_wconf 89' lang='lat' dir='ltr'><strong>An</strong></span> <span class='ocrx_word' id='word_1_152' title='bbox 223 1830 311 1870; x_wconf 86' lang='lat' dir='ltr'><strong>eausa</strong></span> <span class='ocrx_word' id='word_1_153' title='bbox 324 1822 423 1889; x_wconf 86' lang='lat' dir='ltr'><strong>potest</strong></span> <span class='ocrx_word' id='word_1_154' title='bbox 436 1831 501 1873; x_wconf 83' lang='lat' dir='ltr'><strong>esse</strong></span> <span class='ocrx_word' id='word_1_155' title='bbox 515 1813 630 1873; x_wconf 78' lang='lat' dir='ltr'><strong>tantbm</strong></span> <span class='ocrx_word' id='word_1_156' title='bbox 650 1811 815 1891; x_wconf 76' lang='lat' dir='ltr'><strong>impulsiva,</strong></span> <span class='ocrx_word' id='word_1_157' title='bbox 839 1812 866 1872; x_wconf 86' lang='lat' dir='ltr'><strong>si</strong></span> <span class='ocrx_word' id='word_1_158' title='bbox 878 1812 949 1873; x_wconf 83' lang='lat' dir='ltr'><strong>talis</strong></span> <span class='ocrx_word' id='word_1_159' title='bbox 962 1811 1010 1883; x_wconf 87' lang='lat' dir='ltr'><strong>sit,</strong></span> <span class='ocrx_word' id='word_1_160' title='bbox 1021 1822 1048 1870; x_wconf 87' lang='lat' dir='ltr'><strong>ut</strong></span> 
     </span>
     <span class='ocr_line' id='line_1_22' title="bbox 110 1888 740 1968; baseline 0.002 -18"><span class='ocrx_word' id='word_1_161' title='bbox 110 1888 174 1951; x_wconf 85' lang='lat' dir='ltr'><strong>sine</strong></span> <span class='ocrx_word' id='word_1_162' title='bbox 185 1909 220 1949; x_wconf 83' lang='lat' dir='ltr'><strong>ea</strong></span> <span class='ocrx_word' id='word_1_163' title='bbox 233 1911 292 1949; x_wconf 90' lang='lat' dir='ltr'><strong>non</strong></span> <span class='ocrx_word' id='word_1_164' title='bbox 306 1891 564 1968; x_wconf 57' lang='lat' dir='ltr'><strong>promisisses‘ssaut</strong></span> <span class='ocrx_word' id='word_1_165' title='bbox 574 1891 714 1951; x_wconf 87' lang='lat' dir='ltr'><strong>donasses</strong></span> <span class='ocrx_word' id='word_1_166' title='bbox 725 1893 740 1952; x_wconf 77' lang='lat' dir='ltr'><strong>i</strong></span> 
     </span>
     <span class='ocr_line' id='line_1_23' title="bbox 113 1968 1049 2048; baseline -0.003 -16"><span class='ocrx_word' id='word_1_167' title='bbox 113 2028 114 2032; x_wconf 75' lang='grc'>,</span> <span class='ocrx_word' id='word_1_168' title='bbox 150 1969 191 2029; x_wconf 89' lang='lat' dir='ltr'><strong>R.</strong></span> <span class='ocrx_word' id='word_1_169' title='bbox 212 1968 416 2038; x_wconf 75' lang='lat' dir='ltr'><strong>Affirmativb3</strong></span> <span class='ocrx_word' id='word_1_170' title='bbox 437 1971 506 2048; x_wconf 91' lang='lat' dir='ltr'><strong>quia</strong></span> <span class='ocrx_word' id='word_1_171' title='bbox 519 1990 586 2029; x_wconf 86' lang='lat' dir='ltr'><strong>eum</strong></span> <span class='ocrx_word' id='word_1_172' title='bbox 599 1990 636 2030; x_wconf 92' lang='lat' dir='ltr'><strong>eo</strong></span> <span class='ocrx_word' id='word_1_173' title='bbox 650 1970 796 2041; x_wconf 76' lang='lat' dir='ltr'><strong>consistit,</strong></span> <span class='ocrx_word' id='word_1_174' title='bbox 819 1981 851 2031; x_wconf 87' lang='lat' dir='ltr'><strong>te</strong></span> <span class='ocrx_word' id='word_1_175' title='bbox 871 1969 993 2030; x_wconf 85' lang='lat' dir='ltr'><strong>iuterim</strong></span> <span class='ocrx_word' id='word_1_176' title='bbox 1006 1968 1049 2029; x_wconf 83' lang='lat' dir='ltr'><strong>ab·</strong></span> 
     </span>
     <span class='ocr_line' id='line_1_24' title="bbox 111 2046 1051 2128; baseline -0.003 -18"><span class='ocrx_word' id='word_1_177' title='bbox 111 2046 207 2110; x_wconf 71' lang='lat' dir='ltr'><strong>solute</strong></span> <span class='ocrx_word' id='word_1_178' title='bbox 222 2048 392 2125; x_wconf 77' lang='lat' dir='ltr'><strong>promisisse</strong></span> <span class='ocrx_word' id='word_1_179' title='bbox 406 2061 457 2108; x_wconf 88' lang='lat' dir='ltr'><strong>aut</strong></span> <span class='ocrx_word' id='word_1_180' title='bbox 471 2048 613 2109; x_wconf 83' lang='lat' dir='ltr'><strong>donasse:</strong></span> <span class='ocrx_word' id='word_1_181' title='bbox 634 2051 677 2108; x_wconf 89' lang='lat' dir='ltr'><strong>sie</strong></span> <span class='ocrx_word' id='word_1_182' title='bbox 689 2052 854 2128; x_wconf 78' lang='lat' dir='ltr'><strong>generatim</strong></span> <span class='ocrx_word' id='word_1_183' title='bbox 869 2048 976 2109; x_wconf 77' lang='lat' dir='ltr'><strong>validae</strong></span> <span class='ocrx_word' id='word_1_184' title='bbox 989 2059 1051 2108; x_wconf 88' lang='lat' dir='ltr'><strong>sunt</strong></span> 
     </span>
     <span class='ocr_line' id='line_1_25' title="bbox 105 2126 1053 2207; baseline 0 -20"><span class='ocrx_word' id='word_1_185' title='bbox 105 2126 320 2207; x_wconf 68' lang='lat' dir='ltr'><strong>‘promissiones</strong></span> <span class='ocrx_word' id='word_1_186' title='bbox 334 2129 361 2186; x_wconf 75' lang='lat' dir='ltr'><strong>s</strong></span> <span class='ocrx_word' id='word_1_187' title='bbox 374 2127 548 2188; x_wconf 83' lang='lat' dir='ltr'><strong>donationes</strong></span> <span class='ocrx_word' id='word_1_188' title='bbox 568 2127 702 2188; x_wconf 72' lang='lat' dir='ltr'><strong>libers&amp;</strong></span> <span class='ocrx_word' id='word_1_189' title='bbox 724 2128 859 2189; x_wconf 64' lang='lat' dir='ltr'><strong>absolute</strong></span> <span class='ocrx_word' id='word_1_190' title='bbox 878 2129 967 2189; x_wconf 77' lang='lat' dir='ltr'><strong>faeta</strong></span> <span class='ocrx_word' id='word_1_191' title='bbox 991 2128 1053 2187; x_wconf 86' lang='lat' dir='ltr'><strong>ideo</strong></span> 
     </span>
     <span class='ocr_line' id='line_1_26' title="bbox 132 2205 1053 2286; baseline 0.001 -21"><span class='ocrx_word' id='word_1_192' title='bbox 132 2205 324 2284; x_wconf 87' lang='lat' dir='ltr'><strong>rinoipeliter,</strong></span> <span class='ocrx_word' id='word_1_193' title='bbox 352 2216 386 2265; x_wconf 89' lang='lat' dir='ltr'><strong>ut</strong></span> <span class='ocrx_word' id='word_1_194' title='bbox 408 2207 531 2266; x_wconf 82' lang='lat' dir='ltr'><strong>alterius</strong></span> <span class='ocrx_word' id='word_1_195' title='bbox 554 2209 684 2279; x_wconf 83' lang='lat' dir='ltr'><strong>animum</strong></span> <span class='ocrx_word' id='word_1_196' title='bbox 705 2210 731 2266; x_wconf 76' lang='lat' dir='ltr'><strong>a</strong></span> <span class='ocrx_word' id='word_1_197' title='bbox 752 2209 878 2286; x_wconf 80' lang='lat' dir='ltr'><strong>gratiam</strong></span> <span class='ocrx_word' id='word_1_198' title='bbox 888 2207 1053 2279; x_wconf 84' lang='lat' dir='ltr'><strong>lucrareris,</strong></span> 
     </span>
     <span class='ocr_line' id='line_1_27' title="bbox 109 2226 1078 2365; baseline 0.001 -20"><span class='ocrx_word' id='word_1_199' title='bbox 109 2226 236 2345; x_wconf 79' lang='lat' dir='ltr'><strong>lieet&#39;rei</strong></span> <span class='ocrx_word' id='word_1_200' title='bbox 259 2283 368 2365; x_wconf 78' lang='lat' dir='ltr'><strong>suajus</strong></span> <span class='ocrx_word' id='word_1_201' title='bbox 382 2284 618 2347; x_wconf 80' lang='lat' dir='ltr'><strong>benevolentiam</strong></span> <span class='ocrx_word' id='word_1_202' title='bbox 632 2308 690 2347; x_wconf 90' lang='lat' dir='ltr'><strong>uon</strong></span> <span class='ocrx_word' id='word_1_203' title='bbox 705 2286 877 2347; x_wconf 86' lang='lat' dir='ltr'><strong>obtinueris.</strong></span> <span class='ocrx_word' id='word_1_204' title='bbox 1076 2322 1078 2359; x_wconf 71' lang='grc' dir='ltr'>ς</span> 
     </span>
     <span class='ocr_line' id='line_1_28' title="bbox 153 2305 1055 2445; baseline -0.001 -19"><span class='ocrx_word' id='word_1_205' title='bbox 153 2365 185 2426; x_wconf 88' lang='lat' dir='ltr'><strong>Si</strong></span> <span class='ocrx_word' id='word_1_206' title='bbox 199 2305 318 2423; x_wconf 67' lang='lat' dir='ltr'><strong>dubium</strong></span> <span class='ocrx_word' id='word_1_207' title='bbox 333 2366 382 2435; x_wconf 89' lang='lat' dir='ltr'><strong>sit,</strong></span> <span class='ocrx_word' id='word_1_208' title='bbox 395 2385 432 2425; x_wconf 86' lang='lat' dir='ltr'><strong>an</strong></span> <span class='ocrx_word' id='word_1_209' title='bbox 447 2385 534 2427; x_wconf 84' lang='lat' dir='ltr'><strong>eausa</strong></span> <span class='ocrx_word' id='word_1_210' title='bbox 546 2366 637 2426; x_wconf 85' lang='lat' dir='ltr'><strong>fuerit</strong></span> <span class='ocrx_word' id='word_1_211' title='bbox 650 2366 745 2425; x_wconf 87' lang='lat' dir='ltr'><strong>finalia</strong></span> <span class='ocrx_word' id='word_1_212' title='bbox 759 2387 796 2425; x_wconf 91' lang='lat' dir='ltr'><strong>au</strong></span> <span class='ocrx_word' id='word_1_213' title='bbox 807 2365 975 2445; x_wconf 80' lang='lat' dir='ltr'><strong>impulsiva,</strong></span> <span class='ocrx_word' id='word_1_214' title='bbox 988 2375 1055 2425; x_wconf 85' lang='lat' dir='ltr'><strong>tuno</strong></span> 
     </span>
     <span class='ocr_line' id='line_1_29' title="bbox 103 2442 1053 2525; baseline 0.001 -21"><span class='ocrx_word' id='word_1_215' title='bbox 103 2504 107 2509; x_wconf 87' lang='grc'>,</span> <span class='ocrx_word' id='word_1_216' title='bbox 131 2443 229 2504; x_wconf 89' lang='lat' dir='ltr'><strong>uando</strong></span> <span class='ocrx_word' id='word_1_217' title='bbox 248 2442 407 2522; x_wconf 87' lang='lat' dir='ltr'><strong>disponens</strong></span> <span class='ocrx_word' id='word_1_218' title='bbox 420 2445 594 2506; x_wconf 85' lang='lat' dir='ltr'><strong>intendebat</strong></span> <span class='ocrx_word' id='word_1_219' title='bbox 606 2446 708 2506; x_wconf 84' lang='lat' dir='ltr'><strong>favere</strong></span> <span class='ocrx_word' id='word_1_220' title='bbox 720 2446 771 2506; x_wconf 88' lang='lat' dir='ltr'><strong>isti</strong></span> <span class='ocrx_word' id='word_1_221' title='bbox 785 2449 815 2505; x_wconf 88' lang='lat' dir='ltr'><strong>in</strong></span> <span class='ocrx_word' id='word_1_222' title='bbox 830 2445 917 2525; x_wconf 87' lang='lat' dir='ltr'><strong>eujus</strong></span> <span class='ocrx_word' id='word_1_223' title='bbox 930 2445 1053 2523; x_wconf 82' lang='lat' dir='ltr'><strong>gratiam</strong></span> 
     </span>
     <span class='ocr_line' id='line_1_30' title="bbox 112 2465 965 2605; baseline 0.001 -22"><span class='ocrx_word' id='word_1_224' title='bbox 112 2465 268 2605; x_wconf 67' lang='lat' dir='ltr'><strong>disposuit,</strong></span> <span class='ocrx_word' id='word_1_225' title='bbox 283 2524 472 2603; x_wconf 83' lang='lat' dir='ltr'><strong>praesumitur</strong></span> <span class='ocrx_word' id='word_1_226' title='bbox 486 2544 573 2586; x_wconf 88' lang='lat' dir='ltr'><strong>eausa</strong></span> <span class='ocrx_word' id='word_1_227' title='bbox 586 2524 680 2585; x_wconf 89' lang='lat' dir='ltr'><strong>solum</strong></span> <span class='ocrx_word' id='word_1_228' title='bbox 693 2525 785 2586; x_wconf 83' lang='lat' dir='ltr'><strong>fuisse</strong></span> <span class='ocrx_word' id='word_1_229' title='bbox 798 2524 965 2605; x_wconf 79' lang='lat' dir='ltr'><strong>impulsiva.</strong></span> 
     </span>
    </p>
   </div>
   <div class='ocr_carea' id='block_1_3' title="bbox 1062 2766 1078 3397">
    <p class='ocr_par' dir='ltr' id='par_1_3' title="bbox 960 2766 1078 3460">
     <span class='ocr_line' id='line_1_31' title="bbox 1062 2766 1078 3397; baseline 0 0"><span class='ocrx_word' id='word_1_230' title='bbox 1062 2766 1078 3397; x_wconf 87' lang='lat' dir='ltr'><strong>l</strong></span> 
     </span>
    </p>
   </div>
   <div class='ocr_carea' id='block_1_4' title="bbox 0 0 1086 4034">
    <p class='ocr_par' dir='ltr' id='par_1_4' title="bbox 0 0 1086 4034">
     <span class='ocr_line' id='line_1_32' title="bbox 0 0 1086 4034; baseline 0 0"><span class='ocrx_word' id='word_1_231' title='bbox 0 0 1086 4034; x_wconf 95' lang='lat' dir='ltr'><strong> </strong></span> 
     </span>
    </p>
   </div>
  </div>
 </body>
</html>
