2160 4034
245 200 606 244 oesueemscscmm.
864 192 903 249 et

41 304 70 365 le
82 305 223 376 adverte,
244 304 324 383 qued
342 305 390 363 hic
404 324 521 383 semper
533 305 767 367 ebsuaxorimus
787 307 901 370 eluere

42 395 119 445 teet
132 385 242 444 damno
253 395 436 462 emergente,
457 405 523 462 qua
538 386 604 462 quic
616 385 716 445 subire
730 389 848 465 cogitur
862 410 901 450 ex

43 464 73 522 ia
87 465 134 525 rei
148 485 227 524 sua:
248 483 315 522 iram
330 464 393 523 hac
406 475 489 522 certo
503 464 613 525 certids
623 466 808 526 restituenda
821 480 900 529 sunt.

41 544 65 602 d
79 545 107 602 si
127 545 245 602 furatus
259 545 299 602 sis
312 563 386 611 rem,
407 563 542 621 eamque·
551 545 652 602 stetim
666 549 899 624 consumpseris:

41 622 159 702 emejus
168 622 298 701 pretinm
310 622 474 692 hebuit,vel
486 623 576 681 etiem
587 644 673 693 nune,
683 625 749 683 edm
761 627 806 685 vis
815 628 901 686 resti·

50 705 149 781 majus
165 702 263 773 habet,
272 704 362 780 juxta
377 702 457 780 quod
471 705 601 780 pretium
615 705 774 764 restituere
783 705 899 766 debes?

44 783 78 840 Si
93 783 231 841 domiuus
245 802 309 843 rem
322 801 406 840 suem
421 782 449 839 in
465 794 581 859 tempus
596 783 716 859 majoris
731 785 821 862 pretii
834 797 899 844 eret

42 881 126 928 urus,
143 861 235 939 juxta
248 871 317 920 ante
331 862 420 930 dicta,
441 862 552 920 teneris
576 862 633 920 hoc
657 864 752 942 majus
767 864 898 942 pretium

41 960 123 1000 teret
144 944 169 999 si
181 941 318 999 dominus
333 941 363 998 iu
386 941 418 999 id
431 949 549 1018 tempus
569 961 629 1003 non
643 955 708 1000 erat
721 963 784 1001 rem
799 960 901 1003 serva·x

59 1022 226 1079 communis
247 1020 395 1078 sententia
415 1019 513 1088 habet,
535 1021 613 1098 quod
635 1023 798 1081 satisfacies
811 1026 899 1083 resti-

41 1103 213 1178 opretinm,
234 1099 315 1178 quod
336 1119 384 1157 res
409 1098 536 1158 habebat
561 1112 695 1178 tempore
722 1101 897 1171 ablationis;

41 1181 145 1238 autum
160 1181 189 1237 in
205 1180 261 1240 hoo
271 1179 424 1238 dominum
438 1178 641 1238 damnificasti.

41 1257 141 1317 notum
155 1260 315 1318 restituere
329 1258 428 1329 debet,
449 1258 500 1339 qui
514 1260 643 1318 vastavit
656 1269 774 1337 segetes
788 1260 898 1320 alienas

41 1358 77 1395 im
92 1340 249 1398 matures?

44 1418 86 1477 R.
106 1418 179 1476 Non
201 1417 291 1476 debet
301 1417 460 1475 restituere
475 1417 606 1477 valorem
621 1428 757 1495 segetum
769 1429 898 1478 matura·

41 1497 81 1554 ed
95 1498 257 1557 restituere
266 1497 356 1555 debet
365 1496 456 1573 juxte
469 1500 608 1574 pretium,
623 1498 702 1575 quod
716 1499 898 1575 prudentum

41 1598 51 1634 r
76 1588 197 1654 segetes
220 1597 299 1635 nunc
322 1576 441 1645 habent,
468 1577 651 1637 attendendo
674 1578 787 1636 scilicet
812 1596 896 1656 spem

41 1674 101 1724 um,
124 1656 265 1733 pericula,
286 1662 389 1716 &eet
413 1654 549 1715 deductis
573 1657 713 1734 impensis
737 1657 767 1714 in
783 1656 897 1716 demes·

41 1735 197 1794 faciendis.

41 1815 99 1873 iem
113 1815 205 1875 modo
219 1814 437 1885 resolvendum,
459 1815 529 1874 dum
543 1815 609 1894 quis
628 1814 740 1874 excidit
761 1813 898 1874 arborem

41 1894 214 1952 mnondum
228 1906 384 1954 maturam.
715 1901 720 1911 '

41 1975 101 2052 puis
117 1974 244 2032 abduxit
256 1974 338 2034 furto
353 1973 465 2052 pullum
476 1974 626 2054 equinum,
640 1983 672 2033 et
682 1973 782 2033 statim
794 1974 897 2034 vendi·

41 2073 105 2112 rem
122 2054 261 2112 dominus
274 2064 340 2112 eret
353 2065 525 2113 servaturus
539 2054 576 2113 ad
590 2053 758 2132 perfectum
769 2073 896 2132 equum;

41 2134 62 2192 d
75 2133 190 2192 ferille
204 2136 347 2194 tenetur?

41 2214 135 2271 Patet
156 2233 194 2271 ex
217 2213 324 2281 dictis3
344 2213 465 2282 scilicet,
484 2221 604 2272 tenetur
625 2210 716 2288 juxte
729 2232 811 2290 spem
826 2213 896 2291 equi

41 2293 57 2350 ;i
63 2291 248 2371 prudentum
255 2291 371 2371 judicio
380 2290 735 2360 aestimandemdeductis
741 2295 891 2370 expensis,

41 2393 57 2430 n
81 2371 168 2448 pullo
191 2372 368 2431 enutriendo
383 2373 520 2430 dominus
534 2372 632 2430 facere
647 2368 808 2442 debuisset,
837 2373 890 2430 &c

41 2471 91 2510 em
107 2453 166 2509 ista
180 2453 337 2511 aestimetio
352 2452 480 2528 practice
495 2461 642 2520 noscetur,
657 2449 890 2510 brevissimavie

41 2531 223 2610 inquiratur,
236 2531 339 2609 quenti
350 2530 448 2609 pullus
462 2531 519 2590 iste
532 2532 611 2588 inter
625 2531 738 2606 peritos
752 2529 890 2588 venditus

41 2652 46 2668 .
92 2611 178 2669 Idem
192 2610 259 2669 aliis
268 2610 357 2669 rebus
372 2611 574 2680 acuminatis,
586 2608 711 2671 servetis
726 2608 888 2678 servandis,

41 2690 76 2749 tri
92 2699 204 2768 potest.

41 2931 61 2986 l.
121 2927 181 2984 DE
209 2928 457 2988 FRUOTIBUS
488 2925 815 2994 RESTITUENDIS
836 2927 867 2984 A

115 3007 392 3067 POSSESSORE
413 3007 552 3065 MALAE
574 3006 707 3064 FIDEI.

41 3129 142 3186 maere
154 3127 231 3185 dehet
238 3127 356 3205 fructus
369 3127 521 3194 naturales,
546 3127 646 3184 mixtos
659 3124 685 3199 85
697 3125 801 3183 civiles.
843 3127 885 3187 11.

41 3206 136 3266 Etiam
150 3227 207 3266 noe
214 3217 366 3286 perceptos,
387 3207 451 3265 licet
459 3206 603 3264 Dominus
611 3207 786 3283 percepisset.

41 3365 196 3427 DSNAM
216 3365 330 3424 fructus
351 3349 613 3424 restituere'debet
627 3382 781 3441 possessor
800 3364 883 3424 male

41 3527 70 3582 ⁹.
92 3523 270 3585 Restituere
284 3543 343 3582 non
358 3523 569 3583 debetfructus
582 3521 664 3580 mere
680 3521 884 3591 industriales;

41 3604 58 3661 i
78 3623 142 3663 non
157 3617 226 3662 sunt
238 3604 353 3662 fructus
366 3604 420 3673 rei,
442 3602 494 3661 sed
509 3600 705 3680 possessoris;
726 3601 767 3657 ita
781 3601 806 3659 si
820 3604 886 3682 quis

41 3682 196 3745 isfurtivis
209 3683 391 3763 negotiando
400 3683 513 3743 lucrum
525 3681 604 3753 fecit,
616 3700 675 3740 non
686 3691 806 3740 tenetur
814 3681 887 3742 illud

53 3780 89 3822 11.
420 3778 444 3821 Η
