2160 4034
99 168 157 229 102
412 174 417 181 ’
481 174 668 253 rnacrsrns

139 284 304 358 Interim,si
314 305 362 346 res
370 297 752 367 nonpateretnrrnoram,nt
759 308 814 368 per
823 289 952 367 seipsum
961 281 1018 346 mo
1051 288 1072 351 Ξ

64 430 65 434 ,
98 363 215 426 bdndns
223 366 425 436 restituat,vel
434 368 539 428 modus
547 369 721 449 injungendi
729 367 976 429 restitutionemh
1051 373 1072 383 “·

98 445 186 505 dibus
196 448 378 505 necessarius
386 446 524 526 foretpro
534 447 882 526 honore&famaaegroti,
889 446 997 505 admitt
1015 448 1021 461 '

99 524 259 596 Doctores,
281 526 371 584 talem
395 536 540 604 aegrotum
564 527 677 586 absolvi
703 547 800 605 posse,
831 527 920 586 modo
942 523 1026 601 hab,

98 604 284 681 propositum
295 606 472 664 restituendi
486 607 663 677 absolutum,
678 627 712 666 ac
725 627 789 666 cam
801 607 843 664 ita
857 605 1004 683 injungat,

98 683 278 743 sufficienter
292 685 425 745 consulat
438 687 622 746 restitutioni
636 686 851 768 quamprimum
864 681 1019 743 faciendae.
1028 716 1072 797 ι

255 844 296 904 u.
317 847 364 903 61.
413 845 488 905 eur
510 843 888 906 ausuruuuuounrr
998 876 1072 1189 ’Ξ

101 959 126 1022 Ι.
145 962 271 1025 Restitni
289 967 367 1026 debet
377 970 533 1045 possessori
551 968 681 1044 lepitimo,
701 965 759 1023 sive
784 964 824 1022 sit
844 963 976 1021 dominus

137 1047 196 1103 sive
208 1065 274 1104 non.
316 1044 359 1105 Il.
378 1046 515 1123 Exceptis
537 1047 582 1104 Itis
604 1046 729 1122 quinque
750 1041 879 1100 casibus:
899 1043 927 1098 si
945 1058 992 1098 res

136 1124 283 1182 damnoso.
325 1122 386 1182 ΠΙ.
406 1123 600 1202 Eleimospnoe
616 1123 691 1200 ficto
716 1121 799 1180 titolo
824 1131 950 1198 accepto.
992 1117 1008 1177 Ι
1065 1117 1072 1154 l

114 1200 268 1262 “Pretium
288 1204 380 1279 operis
402 1205 505 1280 turpis.
545 1204 584 1264 V.
605 1202 712 1260 Mmiae
732 1219 866 1278 expenso.
907 1199 964 1259 Vl.
984 1194 1072 1283 M

105 1334 108 1339 .
135 1282 232 1341 minus
257 1283 381 1356 innuas.
434 1281 508 1343 Vll.
534 1282 724 1354 Quandoncm
750 1281 880 1340 dominus
905 1275 1072 1345 emme*

136 1360 259 1435 synon.
299 1358 731 1438 v111.M0nitumpracs0um.
990 1328 1072 1555 J

1054 1514 1059 1550 ι

132 1479 231 1541 NON
244 1490 291 1540 est
301 1479 435 1560 qnaestio,
447 1480 517 1560 quin
529 1478 681 1538 restitutio
692 1479 734 1537 sic
743 1477 809 1536 fieri
818 1475 934 1546 debeat,
943 1486 981 1535 nt
1061 1510 1072 1567 p

94 1560 119 1619 si
132 1579 192 1631 non
208 1560 388 1629 immediate,
416 1560 519 1617 saltam
539 1559 669 1618 mediate
683 1568 715 1617 et
728 1557 865 1616 ultimate
879 1555 918 1614 ad
941 1568 1072 1956 νηΐ

95 1658 181 1698 snum
192 1638 343 1699 dominum
357 1639 468 1708 veniat,
479 1639 549 1716 quis
562 1639 610 1696 hic
623 1647 670 1697 est
683 1636 790 1696 modus
804 1635 947 1695 naturalis
961 1655 995 1696 re

95 1718 183 1778 randi
192 1718 391 1799 equalitatem
401 1716 517 1776 lanam:
539 1718 591 1776 sed
603 1719 672 1796 quia
680 1715 756 1794 saepe
765 1715 878 1793 aliquid
889 1713 998 1786 obstat,
1057 1732 1072 1791 a

99 1797 404 1857 immediatedomino
417 1798 602 1867 restituatur,
623 1797 691 1854 hinc
704 1795 1031 1874 statuiturhaecregula
1060 1815 1062 1825 ·

136 1876 162 1936 Ι.
184 1877 247 1936 Res
274 1876 422 1935 ordinarii
448 1877 566 1935 restitui
594 1874 684 1935 debet
707 1875 760 1947 illi,
793 1894 891 1955 aquo
913 1875 1029 1953 legitirn
1055 1902 1072 1950 ¹,

93 1956 183 2015 titulo
197 1955 376 2092 possidetur,
391 1957 454 2015 sive
463 1956 501 2014 sit
513 1956 649 2014 dominns
659 1956 713 2025 rei,
734 1956 797 2013 sive
808 1975 887 2013 non:
906 1956 1025 2014 ratioes
1069 1975 1071 1983 ’

90 2034 172 2116 qudd
186 2035 195 2091 i
207 2035 236 2093 la
250 2035 389 2112 injuriam
403 2054 507 2114 passus
521 2035 570 2107 sit,
591 2054 656 2113 quae
667 2044 884 2113 consequenter
895 2032 985 2093 debet
993 2036 1072 2114 peip¹

93 2115 315 2174 restitutionem
329 2115 472 2193 reparari.
1042 2126 1072 2195 ’ῃ

135 2194 217 2252 Hinc
240 2194 360 2282 inferes,
380 2195 529 2253 furantem
551 2193 778 2263 commodatum,
799 2191 937 2263 locatum,
959 2191 1072 2272 depo‘ip

92 2273 192 2344 sitnm,
207 2273 324 2351 pignus,
339 2279 389 2333 διο.
412 2273 522 2333 debere
535 2275 696 2351 restituere
711 2272 953 2342 commodatario,
972 2271 1072 2353 loca,

91 2353 179 2424 tario,
200 2352 393 2431 depositorio,
418 2358 470 2411 &a
488 2353 602 2431 pariter
616 2353 765 2411 furantem
786 2371 835 2409 res
848 2350 952 2428 pupilli
969 2370 1072 2433 acu·.¹

90 2443 193 2491 ratore
214 2432 263 2490 vel
277 2442 388 2503 tutore,
410 2432 521 2492 debere
535 2432 695 2491 restituere
716 2432 856 2502 curatori,
883 2430 931 2489 vel
945 2431 1054 2504 tutori,
1065 2475 1072 2513 ι,

93 2528 153 2570 non
169 2513 249 2570 veris
264 2511 400 2570 dominis.
753 2550 757 2557 ·
1032 2544 1033 2549 .
1069 2540 1072 2590 ς

134 2591 279 2651 Similiter
288 2610 369 2661 enm,
381 2591 431 2669 qui
441 2590 565 2668 surripit
574 2609 703 2668 pannum
714 2611 732 2648 u
743 2599 866 2659 sertore,
875 2587 1052 2650 linteamina
1066 2635 1072 2675 ,

92 2669 239 2739 alotrice,
260 2669 370 2729 debere
385 2670 454 2741 illis,
474 2690 533 2729 uon
549 2670 677 2729 dominis
691 2669 790 2728 ablata
809 2667 955 2737 reddere;
975 2668 1072 2755 aliato¹

90 2749 170 2808 enim
195 2749 334 2828 praedicti
362 2758 586 2829 exponerentur
613 2751 699 2826 gravi
726 2747 923 2818 incommodo,
944 2767 1072 2825 eorum,

56 2831 58 2842 ¹
88 2828 212 2967 pgiclinae
237 2829 457 2902 desererentur,
482 2839 514 2888 et
535 2827 753 2908 judicabuntur
775 2838 915 2906 tanquam
938 2827 1050 2906 pardrn

131 2927 202 2966 ees.

130 2986 253 3047 Dictum
268 2998 314 3047 est
330 2991 376 3047 1⁰.
399 2997 419 3027 “
433 2987 622 3057 Ordinariess'
642 2995 767 3067 propter
785 2985 918 3067 quinque
939 2998 1059 3064 eucop-¹

87 3065 186 3126 tiones
199 3067 278 3126 infra
291 3067 471 3146 allegandas.
1033 3073 1036 3077 ’

127 3147 251 3206 Dictum
263 3159 309 3206 est
319 3149 368 3204 2⁰.
388 3157 407 3185 “
419 3147 477 3218 llli,
491 3168 509 3205 a
519 3166 578 3240 quo
588 3145 726 3224 legitimo
735 3143 824 3203 titulo
837 3142 1010 3222 possidetur
1021 3145 1050 3214 ;”

88 3224 159 3305 quis
173 3225 198 3284 si
212 3228 251 3284 sit
265 3245 418 3303 possessor
431 3226 615 3304 illegitimus,
627 3225 690 3284 sive
700 3224 782 3284 bonae
793 3225 857 3282 sive
867 3223 952 3282 malae
965 3223 1050 3294 fidei,

86 3325 136 3366 res
150 3304 321 3364 immediate
335 3305 456 3365 domino
476 3305 663 3366 restituenda
683 3314 729 3362 est
750 3323 805 3382 per
827 3323 860 3362 se
878 3303 1050 3384 loquendo;

89 3384 238 3464 quietalis
251 3385 364 3442 nullum
374 3384 426 3463 jus
440 3386 469 3443 in
486 3384 567 3444 illum
583 3404 646 3445 rem
655 3382 763 3443 habeta
784 3383 852 3440 hinc
862 3401 910 3440 res
924 3398 1049 3460 accepta

88 3483 108 3522 a
121 3465 188 3522 fure
202 3463 249 3523 vel
263 3483 282 3522 s
292 3463 462 3542 possidente
478 3464 554 3524 bonai
566 3464 635 3534 fide,
650 3463 703 3524 sed
718 3463 782 3521 sina
795 3461 930 3540 legitimo
944 3461 1048 3534 titulo,

89 3542 262 3602 immediate
276 3543 397 3602 domino
411 3563 465 3602 sno
478 3545 558 3603 tradi
583 3542 681 3603 debet.
723 3542 845 3602 Debent
864 3551 965 3599 tamen
978 3559 1047 3600 mo.

83 3621 149 3681 neri
163 3622 200 3683 de
214 3622 404 3704 restitutione
414 3622 478 3701 jam
492 3623 581 3694 facta,
601 3642 639 3682 ne
653 3622 704 3695 fur
725 3623 754 3682 in
769 3628 890 3703 peccato
905 3638 959 3682 suo
972 3639 1045 3701 per·

83 3711 209 3774 sereret,
229 3711 261 3763 et
271 3720 309 3762 nc
320 3701 449 3764 secunda
462 3702 617 3765 restitutio
629 3701 691 3763 fiat.
