2160 4034
292 147 335 189 ua
355 146 593 191 conrnscrraus
613 145 647 190 ru
668 145 783 190 assera
949 126 1008 189 396

66 243 241 319 Germania,
260 247 310 308 ubi
324 250 417 329 pluris
431 251 548 311 valent:
569 251 687 310 interim
707 270 841 330 campsor
855 249 1013 330 stipulatur

67 324 108 384 de
123 339 206 386 certo
219 327 301 387 lucro
315 327 431 401 cambii,
453 342 484 388 et
497 331 617 409 insuper
631 330 744 409 obligat
758 331 960 413 campsarium,
979 340 1015 389 ut

67 403 99 462 in
117 407 277 466 Germania
290 409 397 467 reddat
412 411 467 469 100
502 409 603 469 istolas
616 410 646 467 in
660 411 758 470 auro?
940 414 943 421 ‘

110 485 286 564 Respondet
298 488 467 547 Brannman
478 428 556 548 llauc
568 489 682 566 praxim
695 488 789 548 videri
800 507 884 547 curru
908 471 1013 558 telam

68 581 129 621 non
145 565 222 623 enirn
235 577 370 625 servatur
384 567 545 645 aequalitas,
559 568 625 627 crim
640 586 775 647 campsor
788 587 876 646 supra
887 507 1013 638 lucrum,

70 643 150 719 quod
170 643 296 703 debetur
315 646 429 704 ratione
449 647 564 716 cambii,
587 647 711 725 recipiat
731 647 851 724 insuper
874 646 914 717 id,
935 642 1014 727 quod

68 721 186 797 pistolae
201 722 229 780 in
247 723 406 783 Germania
419 724 512 803 pluris
525 724 635 796 valent,
649 726 749 804 sicque
762 735 901 804 peccatur
911 735 1015 785 contra

69 799 197 878 primam
208 803 417 862 conditionem.

111 880 194 953 Quid
209 881 364 940 dicendum
379 881 416 943 de
430 882 554 952 cambio,
567 882 647 962 quud
660 891 782 942 vocatur
795 881 832 941 ad
845 881 1014 943 nundinas?

111 957 169 1020 IV.
190 959 228 1019 R.
249 960 399 1019 Nundinre
419 971 561 1022 vocantur
578 963 711 1021 forenses
731 972 927 1021 mercatorum
946 981 1016 1022 con·

68 1038 227 1101 ventioncs
251 1040 281 1097 in
303 1040 460 1118 praecipnis
481 1038 561 1100 orbis
575 1041 739 1118 emptoriis,
759 1041 796 1100 ad
819 1060 891 1122 quas
912 1039 949 1100 de
962 1041 1015 1100 tri·

68 1119 175 1175 mestri
198 1117 227 1175 in
252 1119 403 1177 trimestre
425 1119 603 1178 conveniunt
628 1130 807 1179 mercatores
827 1119 914 1179 causb
937 1139 1015 1179 com·

67 1196 185 1267 mercii,
199 1209 230 1257 et
243 1198 391 1275 pecunias,
407 1217 480 1275 quas
492 1218 568 1257 unus
581 1197 666 1257 alteri
682 1197 765 1258 dedit
778 1198 815 1257 ad
826 1199 969 1259 cambium
984 1199 1014 1257 in

68 1275 176 1353 primis
200 1276 339 1335 nundinis
360 1276 523 1348 solvendas,
547 1276 724 1356 prolongant
747 1277 784 1336 ad
805 1278 950 1337 nundinas
971 1296 1015 1339 se·

68 1365 214 1434 quentes;
234 1355 388 1436 solentque
412 1367 483 1415 tunc
504 1366 685 1417 mercatores
705 1376 761 1436 pro
783 1367 850 1415 rata
871 1356 1015 1436 longioris

69 1434 217 1510 temporis
230 1454 342 1512 augere
354 1434 467 1494 lucrum
482 1434 596 1495 cambii.

111 1511 182 1572 Hoc
196 1515 300 1572 cambii
315 1534 418 1592 genus,
429 1514 485 1574 etsi
496 1515 574 1573 inter
583 1524 761 1579 mercatores
771 1535 935 1587 commune,
947 1533 1016 1575 usu·

66 1591 183 1650 rarium
199 1604 260 1661 est;
280 1593 349 1674 quia
372 1594 503 1671 exigitur
516 1593 627 1672 aliquid
644 1615 682 1653 ex
701 1595 763 1654 sola
780 1594 921 1654 dilatione
935 1594 1013 1654 solu·

68 1670 164 1729 tionis
187 1673 351 1750 campsarii‚
369 1673 449 1751 quud
462 1683 509 1735 est
522 1684 624 1732 contra
638 1674 795 1733 secundam
810 1674 1018 1735 conditionem.

113 1750 154 1811 V·
174 1751 308 1811 Vocatur
334 1751 391 1812 hoc
417 1751 561 1811 cambium
589 1752 847 1824 Francofurtense,
874 1753 911 1815 eb
930 1751 1017 1832 quod

70 1827 264 1895 Francofurti
288 1830 332 1890 bis
356 1833 385 1890 in
409 1851 487 1891 anno
508 1833 654 1892 solemnes
677 1833 815 1892 nundinae
832 1831 1018 1893 celebrentur

69 1909 153 1971 circa
167 1909 281 1971 Pascha
300 1917 326 1972 δι
343 1911 374 1972 in
390 1909 567 1991 Septembri,
589 1912 619 1971 in
642 1910 748 1991 quibus
767 1911 842 1972 fiunt
855 1911 1017 1972 solutiones

60 1989 266 2052 cambiarum.

114 2072 197 2146 Quid
211 2070 366 2130 dicendum
381 2072 418 2131 de
432 2072 546 2130 cambio
560 2071 751 2150 Byscutino?

113 2151 172 2213 Vl.
193 2151 231 2211 R.
254 2151 406 2210 cambium
431 2152 629 2230 Bysantinum
656 2170 707 2209 sen
736 2149 950 2221 Placentinum,
977 2150 1013 2209 ed

92 2230 154 2291 abd
176 2231 206 2289 in
228 2231 292 2290 istis
313 2229 434 2289 urbibus
447 2250 505 2289 non
520 2231 560 2289 sit
577 2231 662 2308 copia
681 2240 887 2300 mercatorum,
912 2229 953 2289 sic
967 2227 1016 2294 fita:

135 2321 184 2369 tur
198 2330 225 2368 v.
235 2330 264 2388 g.
279 2310 447 2368 Mechliniae
460 2309 591 2388 pecuniae
604 2309 641 2373 ad
660 2307 815 2377 carubium,
837 2319 868 2366 et
887 2324 1016 2386 campsa-

72 2390 137 2450 rlus
151 2388 300 2467 obligatur
314 2389 378 2446 illas
398 2390 556 2448 restituere
577 2387 714 2466 Bysantii
732 2397 784 2446 aut
798 2386 955 2445 Placentia
969 2386 1017 2446 vel

72 2467 154 2540 alibi,
170 2469 219 2526 ubi
234 2469 372 2547 pecunias
386 2488 444 2526 non
458 2467 556 2538 habet,
571 2468 679 2528 &ideo
693 2465 871 2544 campsarius
884 2483 1016 2605 campto-

72 2568 139 2608 rem
151 2558 248 2625 rogat,
270 2558 304 2606 ut
318 2550 346 2605 in
362 2547 413 2607 illo
426 2546 492 2607 loco
506 2548 569 2625 ipse
589 2567 643 2625 per
656 2565 740 2610 suum
760 2546 903 2605 factorem
912 2543 946 2622 ju
966 2604 969 2608 Α
986 2554 1017 2607 at

71 2627 130 2687 sibi
143 2625 209 2686 fieri
223 2626 409 2696 solutionem,
435 2626 485 2704 qui
498 2627 594 2685 factor
608 2636 711 2704 postea
729 2625 852 2685 eandem
874 2640 1017 2683 summam
1041 2647 1047 2655 ·

70 2726 130 2786 per
143 2705 322 2765 recambinm
338 2705 464 2764 remittit
477 2704 668 2764 Mechliniam
689 2724 707 2762 a
726 2704 888 2782 campsario
902 2702 1017 2763 solven-

72 2786 142 2845 dam
157 2805 223 2844 curu
237 2784 320 2843 lucro
334 2784 458 2862 duplicis
472 2783 585 2843 cambii.
987 2825 988 2828 ,

115 2865 150 2924 ln
175 2864 261 2943 praxi
289 2863 445 2923 dicendum
468 2873 522 2934 est,
545 2862 617 2921 illud
641 2861 785 2922 cambium
809 2881 874 2922 esse
897 2861 1015 2932 siccum,

73 2942 210 3023 adeoque
224 2944 338 3020 peccari
353 2955 455 3002 contra
468 2943 587 3002 tertiam
601 2941 808 3000 conditionem.

69 3068 73 3073 ·
114 3023 208 3083 Ratio
230 3032 285 3091 est,
309 3023 386 3101 quia,
409 3022 477 3080 dum
499 3040 632 3099 campsor
653 3019 793 3099 intelligit
816 3040 834 3079 a
854 3019 1017 3098 campsario

74 3121 143 3162 eum
159 3103 188 3159 in
204 3100 255 3159 illo
269 3101 334 3159 loco
355 3102 493 3179 pecunias
506 3120 564 3159 non
580 3100 697 3169 habere,
721 3100 792 3159 satis
806 3099 915 3169 noscit,
929 3118 1018 3176 pecu·

70 3181 159 3241 niam
168 3179 297 3241 finaliter
310 3180 488 3239 reddendam
510 3179 575 3240 fore
595 3178 775 3247 Mechliniam
796 3178 846 3237 ubi
865 3185 1018 3245 numerata

72 3271 139 3328 est;
159 3259 292 3340 adeoque
314 3259 435 3336 fingitur
458 3278 522 3318 csse
549 3256 693 3317 cambium
720 3257 829 3326 lacale;
857 3275 913 3315 nec
937 3255 1017 3316 enirn

72 3338 255 3417 campsarius
276 3339 380 3419 quaerit
394 3338 462 3396 alibi
483 3337 629 3416 pecunias,
650 3356 704 3395 nec
717 3337 843 3395 intentio
856 3335 1016 3412 campsoris

71 3429 124 3479 'est
137 3436 187 3477 eas
201 3417 257 3476 alib
270 3418 442 3489 transferre,
465 3417 517 3476 sed
532 3435 582 3475 eas
594 3416 642 3475 hic
662 3416 733 3474 dare
754 3427 784 3474 et
804 3415 936 3492 recipere
950 3432 1016 3472 cum

75 3495 171 3568 lucro,
185 3497 264 3575 quod
278 3507 325 3557 est
337 3516 451 3555 merum
464 3506 598 3555 mutuum
612 3494 789 3556 usurarium.

118 3575 167 3634 De
191 3575 349 3650 recambio,
373 3576 443 3635 item
470 3573 582 3635 cambio
604 3593 738 3647 recursa,
766 3572 833 3632 vide
858 3571 905 3631 De
928 3569 1018 3651 Cocq,

75 3654 257 3730 Braunman,
271 3661 321 3715 dre.
