2182 4036
74 165 141 222 ‚1¹10
477 177 663 221 nutaturus

121 285 169 341 20.
191 281 376 364 Quandoque
386 281 468 342 laesio
482 301 535 341 sen
548 283 689 343 damnum
698 283 796 344 famae.

119 365 168 421 8⁰.
188 363 337 423 Damnum
351 362 380 419 iu
395 360 480 421 bonis
492 362 620 422 fortunoe
634 363 679 424 vel
695 363 855 442 eorporis:
880 364 923 423 uti
940 361 972 422 e'

80 450 127 501 ert
140 439 225 501 dolor
239 440 414 501 &alienatio
428 440 519 500 animi
532 441 621 514 iilius,
642 442 693 525 qni
707 441 919 505 contumeliam
927 463 945 523 p

81 531 137 581 est.

120 599 279 674 Quomodo
290 598 408 658 restitui
422 597 511 663 debut
522 599 617 660 honor
626 598 738 662 laesnsi

119 680 158 739 lt
174 680 207 739 Si
220 678 315 738 honor
324 679 363 737 sit
374 679 458 737 lusus
471 678 621 757 privatim,
632 699 684 739 ssu
692 680 773 739 inter
783 690 913 759 quatuor

80 759 186 818 suffieit
199 756 281 816 illum
294 757 433 836 privatim
447 777 586 836 reparare
597 779 605 818 ι
625 758 734 819 sivero
746 759 788 818 sit
801 758 921 837 publici
929 778 960 818 oe
973 826 977 839 Ι

78 837 144 897 aliis
157 838 253 907 lusus,
263 837 311 896 vel
319 836 424 895 sultam
435 836 500 896 aliis
508 837 680 909 innotuerit,
695 838 786 898 etiam
796 838 916 917 publio&

78 916 143 976 nliis
157 925 203 976 est
216 916 407 994 reparandus,
418 926 452 974 ut
466 916 622 976 diminutio
636 916 790 995 dignitatis
801 936 936 996 persono

77 996 293 1058 resaroiatnrin
308 995 446 1074 opinione
460 995 640 1067 eorumdem,
655 996 735 1074 apud
747 1016 825 1076 quos
838 996 925 1057 lassus
936 1004 986 1055 est·

119 1075 288 1150 Quomodo,
309 1074 360 1154 qui
373 1074 580 1133 coutumeliam
594 1073 703 1146 intulit,
727 1075 785 1134 hoe
797 1072 984 1153 praestabiti·

120 1155 163 1215 11.
184 1156 221 1215 R.
245 1158 290 1214 10.
312 1155 372 1214 Per
386 1154 471 1231 sigua
485 1152 613 1223 honoris,
630 1153 855 1229 benevolentias,
882 1154 932 1213 iso.
950 1172 973 1212 ι.

77 1234 168 1295 ulium
178 1233 340 1304 invitando,
354 1232 515 1292 honorifica
529 1232 715 1311 appellando,
736 1235 790 1293 &a

117 1316 166 1372 20.
187 1315 246 1373 Per
260 1312 474 1372 consessionem
488 1331 548 1370 suaa
561 1311 737 1390 ignorantia
751 1314 777 1371 a
791 1310 958 1374 exhibendo

78 1393 174 1453 bitum
195 1392 348 1462 honorem,
372 1391 453 1469 quod
475 1391 623 1470 praecipua
644 1391 793 1464 usuvenit,
821 1392 894 1452 dum
907 1392 966 1473 quis

78 1472 246 1550 ignorantia
258 1471 334 1530 laesit
348 1471 509 1529 honorem:
530 1470 573 1529 ita
584 1468 656 1530 fecit
672 1470 782 1530 Paulus
797 1469 869 1531 Aut.
882 1491 915 1531 oa
935 1471 990 1529 ‚22

115 1553 165 1611 3⁰.
186 1553 246 1611 Par
265 1551 350 1629 sigua
369 1548 591 1618 humiliationis,
617 1548 822 1610 submissionis
844 1549 892 1611 vel
924 1548 950 1610 oi

77 1651 105 1690 v.
118 1651 148 1711 g.
168 1630 297 1711 patendo
310 1628 436 1698 veniam,
457 1638 509 1687 ant
522 1629 760 1689 excusationem:
783 1629 836 1708 qui
855 1629 956 1691 modus

77 1712 190 1772 servari
203 1711 292 1771 debet
301 1708 338 1768 ab
350 1707 540 1767 inferioribus
548 1719 686 1786 respectu
696 1709 894 1786 superiorum,
905 1714 930 1769 a

75 1791 253 1851 conveniens
267 1799 313 1848 est
326 1789 404 1847 inter
424 1786 570 1867 aquales:
590 1787 658 1845 rard
672 1797 770 1848 autam
791 1789 957 1867 superiores

76 1882 185 1930 nentur
197 1870 314 1929 veniam
337 1877 439 1945 petere
454 1864 633 1926 isubditist
651 1865 727 1926 “Ne
748 1865 809 2004 quit
830 1868 863 1928 S.
876 1867 926 1927 Au

77 1957 96 1987 “
110 1950 180 2008 dum
200 1947 291 2007 nimia
316 1956 452 2004 servatur
475 1944 635 2016 humilitas,
655 1964 747 2023 regen
770 1946 779 2003 i
800 1945 953 2040 frangatur

76 2035 94 2065 “
109 2027 268 2096 thoritas;''
288 2026 341 2085 sed
360 2025 416 2083 hoo
430 2025 567 2103 supplere
581 2035 706 2104 possunt
723 2044 778 2103 per
799 2025 918 2104 publiea
936 2024 1005 2104 εἰμ’

76 2105 288 2166 benevolentia
302 2115 334 2164 et
343 2105 555 2164 aestimationis.

114 2188 164 2245 40.
178 2185 211 2246 Si
224 2184 320 2244 modis
330 2184 478 2263 praedictis
493 2184 588 2242 honor
600 2180 720 2242 restitui
734 2203 793 2241 uon
803 2183 909 2262 possit,
922 2178 1005 2271 offer}

75 2273 175 2346 potest
188 2265 387 2343 compensatio
402 2282 456 2341 per
468 2264 617 2341 pecunias,
631 2261 743 2321 aliosve
756 2263 886 2323 favores.

117 2343 265 2404 catenum
279 2344 345 2423 quis
358 2342 463 2402 modus
478 2363 517 2400 ex
528 2341 706 2420 prmsoriptis
727 2342 774 2400 hic
788 2347 814 2401 dl
828 2362 907 2403 nunu
924 2358 1006 2401 neres·

75 2424 170 2484 narius
184 2425 223 2483 sit
235 2422 283 2482 vel
297 2422 452 2492 sufficiens,
467 2421 645 2500 relinquitur
656 2419 822 2498 prudentiae
833 2418 1006 2497 Confessutii,

114 2503 198 2563 ldem
219 2502 300 2562 modi
322 2501 455 2562 serviunt
468 2520 522 2579 pro
536 2499 774 2560 reconciliatione
794 2500 926 2580 proximi
939 2505 1005 2560 &aa

72 2583 241 2644 tisfaotione
254 2600 387 2662 persona
403 2580 521 2639 offensa
534 2600 589 2659 per
601 2579 790 2652 derisionem,
818 2578 1006 2641 subsannatio·

73 2684 92 2722 n
112 2684 140 2723 m
172 2665 223 2722 &a

94 2684 165 2802 eAii
173 2742 380 2820 quidtenetnr,
390 2740 441 2819 qui
450 2739 562 2799 omittit
570 2737 851 2799 honoremdebitum
860 2734 1005 2819 prasturti

112 2821 151 2881 R.
174 2821 207 2881 Si
219 2823 252 2879 in
265 2821 316 2881 illa
329 2820 486 2880 omissione
500 2818 668 2877 involvatur
682 2818 862 2878 contumelia
875 2820 1006 2897 interpre-

72 2902 174 2972 tativa,
188 2911 259 2960 tunc
272 2910 399 2969 tenetur,
409 2908 442 2957 ut
456 2917 564 2976 supra:
579 2898 604 2956 si
618 2899 689 2956 vend
703 2898 743 2957 sit
756 2902 839 2957 mdra
852 2899 880 2957 8ι
894 2895 1007 2976 simplex

72 2981 193 3041 omissio
202 2978 333 3050 honoris,
354 2998 412 3038 non
423 2988 542 3037 tenetur
556 2977 595 3037 ad
607 2977 844 3048 restitutionem
866 2977 936 3057 quia
955 2988 1006 3035 tau·

73 3060 136 3121 tdm
149 3059 220 3120 laesa
232 3069 278 3119 est
291 3060 386 3118 virtus
400 3056 604 3117 observantiae.

110 3140 227 3200 Notant
241 3137 403 3209 Authores,
424 3137 503 3216 qnod
518 3136 651 3215 quumvis
669 3145 808 3215 parentes
821 3155 881 3194 non
897 3136 1007 3214 exigunt

71 3238 185 3280 summo
203 3217 274 3297 jura
295 3217 512 3276 restitutionem
528 3236 545 3274 a
559 3215 690 3295 prolibus
705 3215 937 3285 ducuntumelia
956 3230 1007 3273 non

70 3302 113 3360 ita
132 3302 226 3378 gravi,
247 3296 387 3376 expediat
400 3305 508 3366 tamen,
531 3306 565 3354 ut
580 3294 760 3354 Confossarii
784 3296 1007 3354 satisfactionem

69 3377 226 3458 injungant
239 3376 413 3455 inquantum
427 3385 569 3455 possunt3
590 3375 660 3455 quia
673 3385 719 3435 est
732 3374 899 3436 remedium
912 3374 1007 3436 efficax

70 3471 172 3519 eontra
185 3457 341 3536 relapsum.
