2160 4034
336 124 381 165 ou
399 124 480 166 June
500 124 542 164 nr
561 123 715 166 Jusrrrnn.
949 113 1006 172 158

10 231 26 279 ι,
99 225 223 287 Dicitur
236 234 255 265 “
264 226 404 296 occulta,'’
418 227 530 285 scilicet
543 235 684 303 respectu
693 225 806 285 domini
819 228 867 287 vel
880 228 1009 300 illorum,

73 308 190 386 quirem
205 305 384 375 custodiunt,
406 319 547 383 quantum
562 319 608 364 est
622 326 660 364 ex
674 307 839 365 intentione
852 308 936 380 soris,
957 311 1008 388 qui

71 385 191 445 intendit
206 386 339 461 accipere
354 405 425 454 rem,
441 385 562 442 domiuo
578 385 743 461 ignorante.

10 469 28 519 ι
99 464 224 524 Dicitur
244 465 317 522 “rei
333 464 463 534 aliene,’'
484 465 802 540 &intelligunturnon
822 468 937 526 tautum
960 487 1008 527 res

10 573 20 584 ·
65 542 197 611 nobiles,
211 543 264 601 sed
275 545 362 602 etiam
375 541 550 611 immobiles,
564 541 684 620 &juror
706 545 776 601 item
792 546 854 602 sive
868 567 916 605 res
927 566 1009 624 spec-

63 633 124 682 tent
146 623 186 682 ad
211 622 339 700 aliquem
358 621 428 700 jore
454 624 655 700 proprietatis,
682 622 745 681 sive
769 625 883 682 tantum
912 627 1009 703 quoad

10 732 19 755 ι
62 722 157 770 mum,
171 703 346 770 custodiam,
360 709 411 761 διε.
752 716 782 745 ·'

13 772 31 826 ¹³
95 781 222 840 Dicitur
245 792 263 818 “
274 781 431 858 acceptio,’'
453 780 669 858 &intelligitur
683 801 741 839 non
756 780 870 839 tantdm
888 782 1007 856 ablatio,

60 859 112 920 sed
127 860 219 919 etiam
235 861 388 937 occupatio
401 867 428 919 dr
441 856 586 919 detentat

98 949 117 977 ‘⁴
132 939 292 1009 Domino‚''
306 940 336 997 id
351 952 397 999 est
411 938 470 1008 ille,
492 939 538 997 coi
553 959 600 998 res
614 937 714 1016 aliquo
723 939 793 1016 jure
807 939 940 1017 subjecta
953 953 1008 1001 est.

97 1027 118 1056 “
136 1019 264 1088 luvito,”
284 1020 346 1078 sive
368 1019 493 1096 positive
514 1019 577 1077 sive
597 1020 743 1096 negative,
765 1020 828 1078 sive
842 1021 880 1078 sit
899 1022 1008 1081 invitus

77 1098 115 1155 im
140 1097 189 1154 lii
224 1119 239 1154 r
277 1099 307 1154 iv
372 1118 499 1155 cuum
535 1098 594 1156 nid.

18 1172 22 1196 ³
59 1118 75 1157 ³
99 1097 450 1246 “pRintiidriasbilitddss'uid
478 1118 533 1235 esll
550 1178 601 1246 sic,
626 1187 660 1234 ut
683 1196 742 1234 non
765 1177 909 1236 habeatur
925 1180 1008 1257 justa

64 1277 151 1315 causa
164 1257 196 1314 id
211 1255 335 1314 faciendi
351 1257 584 1332 independenter
598 1258 616 1314 d
629 1276 773 1314 consensu
787 1257 907 1316 domini.

102 1336 265 1408 Quomodo
280 1336 422 1394 dividitur
436 1336 572 1395 furtum?

100 1416 158 1476 lv.
181 1415 219 1475 R„
243 1415 276 1474 lu
292 1415 417 1493 simplex
438 1417 464 1472 dr
485 1415 693 1493 qualificatum.
735 1414 868 1490 Simplex
882 1427 928 1475 est
943 1416 1007 1494 jam

66 1493 237 1554 delinitum:
258 1495 455 1572 qualificaturn
467 1507 513 1552 εει
523 1493 604 1563 illud,
619 1495 666 1551 cui
680 1493 763 1552 adest
777 1494 874 1572 aliqua
884 1497 1010 1576 qualitas

67 1594 114 1634 seu
128 1575 358 1643 circumstantia,
383 1573 497 1631 ratione
518 1572 601 1649 cujus
621 1585 747 1648 augetur
761 1573 824 1652 ejus
839 1577 1008 1646 enormitas,

67 1655 182 1713 &bono
197 1653 344 1710 commoni
358 1653 525 1730 specialiter
539 1653 720 1709 adversatur.

101 1735 139 1794 V.
158 1732 193 1790 ln
204 1734 274 1811 jure
288 1734 474 1810 assignantur
486 1732 615 1809 quinque
629 1732 741 1806 species
754 1731 826 1789 furti
839 1731 1008 1808 qualificati,

10 1797 23 1829 ἰ’
68 1812 176 1906 scilicet
204 1812 364 1889 peculatus,
393 1811 547 1889 plegiatus,
574 1810 730 1888 abigiatus,
759 1811 953 1888 sacrilegium,
982 1815 1008 1870 a

68 1912 96 1950 ra
114 1910 175 1951 nna.
997 1912 999 1917 ·

12 1967 34 1989 “’
95 1911 160 2032 pVl.
184 1970 343 2029 Peculatus
357 1980 411 2040 est,
432 1970 501 2028 dum
517 1970 582 2050 quis
597 1969 709 2046 aliquid
728 1989 766 2026 ex
787 1968 872 2027 bonis
886 1969 1010 2047 publicis

28 2046 42 2104 '-
72 2050 189 2119 furatur,
204 2051 297 2108 autin
314 2070 381 2107 suos
396 2070 465 2107 usus
481 2049 643 2107 convertit:
664 2048 723 2106 tale
737 2049 845 2106 crimen
861 2061 907 2108 est
920 2051 1010 2107 surri-

74 2148 132 2207 pere
147 2151 188 2187 εκ
203 2130 308 2187 serario
323 2129 448 2206 publico,
472 2128 637 2186 falsificatio
652 2138 786 2198 monetae,
807 2148 909 2186 rasura
922 2149 1009 2206 pecu-

75 2209 128 2276 nie,
142 2215 198 2268 dre.
213 2208 276 2285 ejus
290 2227 376 2285 poena
390 2218 435 2266 est
449 2207 591 2284 capitalis

43 2288 48 2297 '
101 2289 179 2348 Vll.
203 2289 356 2364 Plagiatns
383 2299 437 2356 est,
466 2289 534 2344 dum
559 2286 624 2364 quis
651 2285 799 2353 hominem
827 2286 955 2358 abducit,
976 2298 1010 2346 ut

40 2400 49 2411 ·
74 2366 173 2426 tendat
189 2368 219 2424 in
235 2387 363 2434 servum,
384 2377 473 2445 prout
486 2366 620 2424 feceruut
633 2366 740 2423 fratres
755 2367 879 2442 doseph,
902 2367 1010 2426 Genea.

10 2449 49 2503 ivr
73 2466 124 2526 up.
138 2450 191 2504 37.
207 2458 309 2505 contra
324 2447 378 2504 lnoc
392 2447 502 2504 crimen
514 2445 618 2502 statuit
633 2445 715 2504 Deus
730 2445 830 2503 Exodi
845 2465 907 2522 cap.
922 2443 1009 2503 2l.'&

10 2543 46 2581 int
71 2527 192 2586 llcoter.
208 2546 270 2603 cap.
285 2529 332 2584 24.
347 2545 461 2602 poenom
476 2525 589 2582 mortis.

100 2606 200 2667 VIIl.
222 2606 381 2682 Abigiatns
396 2616 450 2674 est,
472 2605 540 2662 dum
562 2604 672 2661 furtive
685 2603 871 2661 abducuntur
884 2622 1008 2680 pecora:

68 2685 99 2744 ad
119 2685 180 2742 hoc
199 2685 309 2742 crimen
331 2685 511 2742 reducuntur
530 2684 610 2740 furta
631 2685 892 2741 instrumentorum
911 2703 1010 2742 neces·

10 2775 36 2813 en
66 2765 212 2823 seriorum
226 2763 264 2821 ad
278 2764 505 2839 agriculturamz
526 2782 613 2840 poena
625 2774 671 2820 est
685 2762 884 2838 suspendium.

17 2838 31 2890 d
101 2843 166 2903 lX.
190 2842 382 2920 sacrilegium
397 2854 451 2912 est,
471 2843 539 2900 dum
554 2843 635 2900 furto
649 2842 783 2899 aufertur
796 2862 844 2899 res
858 2861 949 2911 sacra,
963 2843 1012 2900 vel

10 2932 25 2967 Β·
63 2943 108 2983 res
121 2923 254 3000 profana
267 2943 305 2978 ex
326 2921 497 2990 incessero,
518 2922 546 2978 in
570 2941 629 2998 quo
650 2933 789 2997 tanquam
808 2922 838 2978 in
859 2921 944 2998 anylo
963 2922 1011 2978 vel

10 2990 20 3048 't
64 3002 202 3061 custodia
216 3014 280 3058 erat
294 3002 469 3058 constituta:
490 3000 528 3057 ad
543 3001 727 3076 sacrilegium
743 3002 830 3057 etiam
846 3009 960 3077 spectat
973 3001 1011 3057 si·

11 3112 14 3124 =
64 3082 165 3141 monia
175 3080 254 3158 juris
269 3081 370 3149 divini,
386 3081 457 3137 item
472 3079 540 3138 dum
555 3080 727 3137 solemniter
738 3079 886 3155 professus
901 3079 1012 3157 aliquid

63 3162 178 3218 retinet
192 3171 244 3216 aut
258 3161 363 3236 recipit
374 3160 436 3217 sine
449 3159 533 3216 venia
544 3160 589 3216 sui
600 3159 777 3236 superioris:
799 3162 824 3216 &
838 3158 1011 3236 generatim,

66 3239 135 3298 dum
150 3259 200 3296 res
215 3259 297 3296 saera
311 3239 493 3296 convertitur
507 3239 536 3295 in
551 3258 620 3296 usus
634 3238 782 3316 profanos.

104 3319 191 3392 Quid
205 3329 251 3376 est
265 3318 389 3395 rapina?

66 3477 84 3536 d
105 3398 149 3456 Χ.
171 3398 229 3456 Εει
240 3398 369 3456 violenta
379 3398 423 3455 rei
437 3398 539 3456 alienee
550 3397 680 3474 acceptio
691 3397 785 3456 invito
799 3392 1013 3453 rationabiliter
1058 3396 1068 3463 l

86 3497 262 3617 opgppppntia
275 3556 409 3615 consistit
422 3557 452 3613 in
464 3575 510 3624 eo,
525 3555 603 3632 quod
618 3555 669 3613 fiat
683 3555 802 3613 domino
815 3550 1013 3628 aliquomodo

70 3647 215 3714 prasente
227 3637 252 3695 &
264 3635 391 3715 vidente,
402 3642 427 3696 a
438 3635 610 3716 superaddit
619 3635 700 3696 furto
709 3634 845 3709 injuriam
855 3630 1024 3711 specialem·
