2160 4034
336 131 381 173 uu
399 128 480 173 nonu
500 129 542 171 ur
562 128 716 195 suerrum.
966 113 1005 169 m

43 285 47 297 =
85 254 121 317 N.
141 256 191 314 tt.
236 247 297 315 ma
318 254 664 317 FRUGTIBUS'REI
685 252 810 315 BONA
832 251 938 315 Fluit

400 335 635 397 POSSESSAE.

66 434 425 515 'Fracnusanttriplicis
447 438 579 511 yonnis:
622 434 665 494 11.
690 434 772 493 Merd
797 433 988 497 industrioles.

47 514 132 575 ''llL
155 514 325 587 Natorules,
367 516 424 577 1v.
443 514 584 574 Etminti.
624 515 663 576 V.
684 512 743 574 Hie
754 525 933 575 commentar
944 520 985 574 ci·

58 594 147 654 ulica
190 596 249 655 Vl.
270 593 985 671 Puuemtonaefidndstetrcntucemamtoe,

64 674 208 751 ciuile-585
222 678 332 747 micton
352 673 523 753 inquuntrim
535 683 652 733 cremat.
693 672 768 733 VII.
786 670 987 757 Nomadopro

55 752 129 833 soro
140 765 267 813 ammo.

67 850 386 925 QUOTUrmcms
400 852 625 930 distinguuntur
634 852 824 913 reifructns?

64 928 89 989 l.
111 930 155 991 B.
178 926 300 991 Dantur
311 932 428 992 fructus
438 933 563 1011 triplicis
576 933 705 1011 generis,
719 933 832 992 scilicet
842 932 924 991 mere
938 932 982 990 in-

43 1010 199 1081 laniatos,
221 1012 410 1071 naturales&
424 1012 521 1080 mixti,
542 1012 649 1090 quibus
663 1024 855 1072 accensentur
868 1010 980 1071 civiles.

53 1088 109 1151 ll.
130 1090 266 1149 Fructus
276 1092 358 1151 urere
372 1090 562 1151 industriales
572 1091 719 1163 dicuutur,
735 1093 838 1170 quiex
851 1091 914 1151 sola
927 1091 981 1149 ho·

43 1168 115 1239 'uinis
129 1169 314 1231 industria&
326 1171 429 1230 labore
440 1170 629 1252 proueniunt,
642 1172 713 1231 licet
723 1171 873 1231 mediante
883 1170 982 1250 aliqua

43 1248 219 1343 irtauquam
242 1250 451 1323 instrumento,
472 1260 507 1311 ut
519 1259 566 1310 est
588 1250 703 1309 lucrum
722 1270 762 1309 ex
775 1249 980 1330 negotiatione

43 1346 314 1469 'ldinlll'dstrules
327 1418 405 1480 suut,
415 1409 466 1487 qui
480 1428 519 1468 ex
528 1408 594 1546 ³2⁸⁸
604 1428 637 1469 re
650 1408 831 1488 proueniunt
844 1408 908 1467 sine
922 1406 983 1468 ulio

112 1486 219 1548 laboro
239 1500 293 1548 aut
306 1489 461 1562 industria,
482 1498 515 1547 ut
542 1500 643 1549 ructus
666 1488 816 1562 arborum,
836 1487 980 1569 gramina,

50 1636 54 1641 Ι
94 1566 237 1637 aradus,
257 1570 310 1628 &c

73 1644 123 1709 lV.
142 1646 241 1707 Mixti
260 1656 331 1707 sunt
352 1646 405 1720 illi,
433 1645 484 1726 qui
497 1648 606 1785 partim
620 1667 660 1708 ex
674 1648 738 1726 ipsa
750 1667 794 1718 rc,
814 1647 923 1726 partim
942 1664 982 1705 ex

143 1726 175 1785 ia
197 1726 436 1805 proficiscuntur,
456 1736 490 1786 ut
515 1728 662 1806 egumina,
683 1738 810 1807 segetes,
831 1728 884 1786 &c
904 1735 936 1786 et
948 1726 979 1783 in

84 1870 88 1875 ,
108 1804 191 1865 cirili
204 1816 351 1867 vocantur
363 1806 563 1866 industriules.

74 1880 106 1947 V.
123 1884 257 1945 Fructus
270 1886 373 1946 civiles
386 1886 525 1946 dicuutur
538 1885 592 1957 illi,
613 1887 665 1967 qui
675 1906 715 1946 ex
724 1886 769 1945 roi
779 1904 835 1946 usu
849 1882 976 1945 similive

99 1964 265 2025 secuudum
274 1966 358 2045 leges
368 1963 540 2037 obveniunt,
550 1967 680 2027 utaonui
689 1965 812 2038 reditus,
819 1966 979 2046 pensiones

108 2044 217 2117 iorum,
237 2044 422 2125 aliarumque
432 2065 542 2117 rerum,
564 2065 630 2124 qum
641 2044 750 2106 babent
769 2065 855 2105 usum
868 2043 978 2105 locabi-

72 2202 191 2281 lnnuper
204 2202 321 2265 fructus
335 2203 386 2263 alii
401 2214 470 2263 sunt
491 2213 510 2244 “
524 2203 715 2281 pendentes,”
735 2205 785 2286 qui
800 2225 859 2263 non
875 2207 976 2264 suutd

72 2283 211 2361 separati,
232 2304 268 2341 ac
281 2294 440 2362 propterea
449 2284 501 2343 lib.
514 2288 543 2343 6.
564 2284 672 2361 digest.
692 2283 759 2363 lege
773 2286 821 2344 46.
836 2283 975 2344 dicuntur

47 2374 161 2440 tepere
172 2363 261 2421 fundi
273 2385 281 2422 ι
301 2362 351 2423 alii
361 2363 500 2422 dicuntur
519 2373 538 2402 ‘⁸
548 2363 709 2441 percepti,''
728 2364 779 2442 qui
790 2365 860 2434 dre,
872 2382 911 2423 ex
920 2383 980 2445 qua

43 2438 168 2512 riantur,
191 2454 265 2501 sunt
278 2443 422 2521 separati:
444 2442 494 2501 olii
509 2443 648 2502 dicuntur
668 2452 686 2481 ‘⁸
697 2443 907 2523 percipiendi,’'
927 2444 979 2522 qui

43 2521 154 2599 eccepti
166 2540 230 2581 non
241 2534 319 2593 sunt,
339 2521 392 2581 scd
407 2522 518 2600 percipi
529 2532 702 2601 potuerunt.

57 2598 116 2657 His
131 2601 308 2678 praemissis,
317 2601 470 2679 queritur,
485 2622 522 2660 au
533 2613 564 2662 et
574 2601 675 2684 quales
689 2602 803 2660 fructus
817 2601 977 2661 restituere

43 2676 128 2737 meat
142 2699 303 2757 possessor
311 2681 395 2740 bouae
409 2680 502 2740 fidei?

55 2756 111 2821 Vl.
134 2758 178 2819 R.
209 2760 310 2819 Debet
323 2762 483 2820 restituere
497 2762 611 2819 fructus
633 2760 794 2829 naturales,
818 2758 920 2820 civiles
944 2770 977 2819 et

43 2836 129 2897 tiator
142 2858 206 2917 pro
219 2859 256 2898 ea
268 2850 362 2918 parte,
384 2841 443 2919 qut
456 2840 605 2900 naturales
620 2850 698 2909 sunt,
712 2840 887 2917 inquantum
898 2838 976 2899 scili·

43 2920 162 2995 stapud
179 2918 279 2997 ipsum
294 2930 415 2978 exstant
424 2920 453 2977 in
468 2940 500 2978 se
511 2919 558 2979 vel
571 2919 601 2978 in
615 2918 813 2998 equivalenti.

57 2996 150 3056 Ratio
164 3008 225 3068 est,
238 2998 319 3075 quod
328 3018 376 3057 res
390 2999 548 3057 fructificet
562 2998 682 3058 domiuo
693 3018 757 3070 suo,
771 2999 862 3079 idque
872 3000 973 3076 etiam,

43 3075 247 3136 teodomirus
261 3076 326 3136 illas
340 3098 398 3137 noo
413 3078 604 3157 percepisset.
625 3078 826 3139 Confirmatur
840 3099 878 3139 ex
887 3080 938 3143 lib.
946 3089 975 3145 3.

43 3154 128 3215 udicis
152 3157 205 3215 tit.
219 3157 270 3215 31.
289 3156 357 3236 lege
371 3158 485 3235 prime:
505 3158 664 3216 “Fructus
679 3157 763 3217 bonae
776 3159 847 3218 fidei
860 3179 976 3237 posse..

51 3252 132 3293 sores
144 3235 278 3294 reddere
287 3236 413 3315 cogendi
425 3257 484 3296 non
497 3248 575 3309 sunt,
586 3237 643 3295 nisi
657 3257 696 3296 ex
704 3238 751 3295 his
764 3237 974 3317 locupletiores

55 3315 244 3375 extiterint.”

60 3394 107 3453 Ad
130 3394 233 3473 leges,
254 3415 320 3473 que
333 3398 363 3454 in
379 3396 558 3455 contrarium
581 3406 781 3475 opponuntur,
802 3396 976 3476 responderi

43 3484 117 3532 otest
130 3495 201 3533 curn
219 3474 335 3544 Lessio,
360 3475 442 3555 quod
456 3474 616 3553 loquantur
630 3477 667 3534 de
686 3497 764 3546 casu,
792 3497 851 3556 quo
865 3497 922 3535 non
934 3480 975 3537 sis

43 3554 111 3611 ictus
120 3553 228 3624 ditior,
240 3554 286 3611 vel
295 3555 478 3633 corrigendae
487 3557 546 3614 siut
555 3566 585 3616 ct
595 3555 776 3636 explicandae
785 3556 977 3621 conformiter

43 3631 63 3689 ni
73 3632 171 3711 legem
187 3632 357 3712 allegatam.

471 3718 529 3772 e3
